3000 5150
337 513 936 603 tlucTottrs.
1060 538 1152 613 xvri

202 702 271 777 Sed
289 702 422 799 quando
436 703 479 775 ad
495 702 694 775 macrim
719 719 973 772 mnrtctmtnm
998 699 1133 773 descen·
1146 731 1171 769 ι.
1186 709 1253 771 nott.
1355 702 1357 708 ’

145 799 261 887 ditur,
290 802 365 875 lane
389 801 569 873 discrimen
594 821 664 871 non
684 799 761 868 leve
784 800 930 893 emergit
951 819 1020 869 tam
1044 788 1271 907 Ciffflssiss'f-{m

145 919 322 994 praecepta
339 891 565 984 affirmativa,
591 917 693 990 quam
717 895 889 988 negativa.
939 896 982 969 Et
998 898 1131 990 quidem
1144 916 1278 985 nauicula·

145 1017 385 1071 arrmntttvn
418 1014 589 1088 praecepta
616 994 710 1087 quod
741 992 891 1080 attinet,
926 1017 1043 1064 eorum
1066 974 1283 1088 noniffifflfl

145 1096 338 1190 pauep'jam
357 1097 391 1165 in
407 1089 519 1165 isthoc
535 1090 620 1181 statu
641 1092 780 1177 dantur,
807 1090 927 1183 quibus
949 1092 983 1163 in
1003 1093 1185 1182 prime-vta

146 1214 197 1265 vo
224 1189 311 1263 statu
336 1192 432 1263 locus
453 1213 521 1262 noo
542 1186 640 1261 fulffe
665 1187 820 1259 videtur:
857 1189 959 1281 idque
983 1189 1136 1281 partim,

172 1290 227 1361 uia
244 1289 300 1359 illa
317 1288 579 1383 ptaelupponunt
604 1286 671 1360 tale
686 1283 898 1373 institutum,
924 1287 1018 1378 q'uod
1038 1309 1081 1357 an
1105 1289 1142 1359 in

144 1314 375 1460 ieiiciffimam
413 1386 591 1458 hominum
631 1382 868 1456 conditionem
900 1383 1030 1471 cadat,
1072 1406 1144 1457 non

146 1482 306 1569 conllat3
340 1484 463 1576 partim
490 1483 570 1578 quia
594 1480 663 1556 fine
687 1478 878 1553 miseria&
896 1502 1029 1566 morte,
1067 1498 1156 1574 quae

145 1585 190 1655 ab
220 1582 278 1653 illo
313 1579 397 1654 statu
426 1584 613 1671 exulabat,
657 1602 727 1653 non
757 1575 1001 1673 intelliguntur.
1038 1601 1071 1650 v.
1106 1603 1142 1674 gt

85 1676 222 1816 *Em
243 1680 331 1753 inter
359 1699 534 1777 praecepta
559 1678 664 1776 Legis
695 1676 873 1775 Naturalis
898 1676 965 1751 estt
1001 1680 1052 1750 Ne
1071 1683 1142 1772 quit

202 1797 251 1864 ΚΒ
816 1846 824 1860 0

1093 1776 1142 1847 al·

144 1962 244 2042 iitivo,
265 1972 346 2045 coitu
363 1959 500 2032 sententia
520 1988 555 2031 ex
569 1963 648 2032 nullo
664 1961 722 2033 alio
735 1984 879 2051 precepto
895 1970 1015 2043 intelligi
1031 1971 1141 2045 potest.

146 2050 184 2109 ad
199 2064 368 2126 preceptum
385 2050 514 2108 naturale
532 2053 716 2123 negativum,
736 2058 815 2124 cujus
837 2050 928 2109 lenius
948 2049 997 2106 sub
1021 2046 1141 2106 affirma:
1178 2055 1182 2064 '

146 2129 211 2185 tivo
232 2125 357 2198 generali
379 2128 650 2200 comprehenditur,
672 2131 774 2186 iterum
796 2144 854 2186 non
879 2128 955 2182 valet
970 2124 1143 2196 consequen·

149 2204 210 2270 tia;
229 2203 304 2261 illius
317 2203 395 2261 enim
411 2200 551 2276 exprellio
566 2202 673 2260 nullam
690 2208 783 2276 arguit
804 2205 833 2260 in
857 2203 974 2261 subditis
989 2200 1142 2266 malitiam}

148 2279 219 2336 hinc
238 2277 354 2353 potest,
389 2279 447 2336 imo
469 2279 585 2349 debet,
611 2280 754 2353 exprimi,
788 2295 851 2336 cum
881 2280 951 2334 alias
978 2277 1013 2332 de
1042 2277 1145 2332 volun·

147 2361 211 2412 tate
233 2355 403 2428 imperantis
429 2369 487 2413 non
519 2350 653 2419 constet,
684 2357 767 2423 nujus
794 2370 865 2411 vero
894 2350 1034 2426 expreliio
1068 2350 1147 2409 mall.

147 2433 219 2489 tiam
230 2428 436 2565 AEraelupponit
459 2429 610 2502 insignem.
643 2436 705 2505 que
726 2442 817 2489 tamen
841 2432 877 2487 ab
892 2429 1009 2488 homine
1029 2430 1145 2502 integro

146 2508 228 2565 ablui
252 2518 291 2564 et.

184 2602 214 2656 4.
236 2581 359 2643 Videtur
378 2582 443 2642 lane
465 2599 566 2656 magna
586 2583 751 2650 temeritas,
780 2583 964 2643 idenditatem
988 2594 1141 2654 precepto-

144 2678 209 2722 rum
227 2657 412 2729 naturalium,
433 2659 529 2734 quoad
552 2657 679 2718 diversos
702 2659 806 2730 statos,
827 2662 902 2719 velle
919 2659 1053 2726 afferem,
1075 2666 1141 2719 cum

143 2738 224 2797 enim
250 2752 310 2795 non
333 2734 439 2811 semper
462 2735 563 2794 erdem
586 2728 697 2806 obieeta
725 2739 798 2795 inter
820 2739 951 2796 homines
972 2748 1139 2804 occurrant.-

145 2826 288 2891 praecepta
301 2811 482 2888 particularia
500 2828 557 2870 non
575 2814 688 2890 poliunt
707 2829 767 2871 oon
782 2817 899 2872 variare.
940 2814 1008 2881 Sic,
1031 2817 1058 2871 in
1078 2812 1140 2887 ipio
1244 2819 1246 2825 '

144 2890 222 2950 statu
236 2902 389 2964 corrupto.
411 2888 606 2950 conclusiones
622 2890 767 2948 naturales
794 2892 821 2948 in
844 2890 957 2948 diteris
974 2892 1140 2949 civitatibus

148 2984 210 3026 noo
232 2968 338 3042 semper
352 2966 413 3026 sunt
435 2966 560 3037 eedemr
579 2967 665 3042 Apud
684 2968 831 3026 Romanos
850 2970 989 3041 mancipia
1011 2981 1092 3025 erant
1108 2970 1140 3025 ln
1163 2988 1165 2992 ·

144 3043 216 3105 ultr.
236 3057 360 3120 quorum
388 3045 493 3102 intuitu
519 3042 605 3103 multa
630 3048 752 3102 conlinit
777 3046 825 3121 Jus
847 3043 1002 3109 Naturale,
1026 3046 1070 3102 led
1095 3045 1141 3102 hu

144 3119 342 3179 conclusiones
364 3135 465 3179 omnes
486 3121 653 3194 ignorantur
676 3126 704 3178 in
727 3123 761 3180 ils
778 3124 961 3186 civitatibus,
985 3121 1140 3194 inquil-tus

144 3199 288 3271 mancipia
308 3213 366 3254 non
387 3213 559 3273 occurrunt,
579 3211 666 3274 atque
685 3199 768 3271 hujus
790 3201 901 3274 generis
926 3198 1141 3255 tercenta.·alia

143 3273 280 3406 οιεωῖξι
295 3273 355 3330 dari
371 3274 496 3346 poliunt.
657 3345 660 3350 Ι

188 3365 215 3421 ς.
265 3351 368 3422 enique
383 3349 411 3407 id
426 3348 470 3407 vel
485 3354 604 3411 maxime
620 3366 706 3418 nota.
728 3353 818 3410 totius
832 3352 906 3410 illius
925 3347 1142 3417 sollicitudinis,

144 3442 205 3504 qua
231 3422 318 3481 status
339 3425 447 3497 integer
470 3424 665 3504 &corruptus
690 3442 913 3501 comparantur,
935 3443 969 3483 ac
993 3429 1142 3497 utriusque

146 3500 276 3577 respectu
290 3498 390 3556 eadem
405 3516 545 3574 precepta
566 3505 746 3577 particularia
764 3502 931 3566 afferuntur.
955 3502 1000 3557 vel
1017 3518 1050 3558 ex
1070 3500 1143 3563 llrtt'i

143 3583 262 3654 integro
286 3589 428 3653 precepta
451 3591 632 3650 repetuntur.
660 3599 692 3640 ac
707 3596 843 3651 corrupto
862 3581 1057 3653 applicantur.
1072 3585 1083 3647 l
1093 3583 1141 3638 illa

145 3658 243 3715 omnia
267 3655 342 3712 enlm
365 3652 555 3725 coincidunt)
575 3655 683 3713 nullutn
703 3660 816 3728 penitus
843 3658 896 3714 elie
913 3654 1006 3723 ulum,
1027 3674 1091 3714 nam
1114 3656 1144 3716 &-
1194 3666 1198 3671 '

144 3734 221 3813 Juris
235 3728 384 3792 Naturalis
401 3732 522 3798 vetitas,
545 3728 694 3798 Menios,
716 3732 742 3789 tit
760 3735 905 3799 obligandi
921 3735 996 3796 naor
1009 3750 1044 3791 ex
1059 3748 1142 3793 natu·

144 3824 178 3869 ra
197 3810 319 3866 humana
334 3808 454 3882 ejusque
472 3808 586 3868 auclore
611 3807 675 3868 latis
692 3808 877 3881 intelligitur.
905 3823 935 3868 ut
958 3814 1092 3870 circuitus
1110 3813 1141 3873 ii-

143 3888 187 3953 ii,
217 3884 319 3958 quibua
336 3898 507 3959 preceptum
536 3884 655 3963 aliquod
676 3889 796 3962 primo,
821 3889 915 3961 quoad
941 3887 1039 3946 ilatum
1069 3890 1139 3949 inte·¹

141 3977 253 4040 grum.
280 3959 469 4033 expenditur,
498 3963 603 4022 deinde
628 3962 666 4022 a'd
693 3975 855 4038 corruptum
880 3965 1057 4040 applicatur,
1087 3966 1139 4043 ssot

142 4040 234 4119 plane
253 4035 354 4100 otloli.
385 4055 419 4096 ac
441 4041 482 4096 ita
506 4042 701 4115 philosophari
727 4042 758 4100 fit
784 4041 888 4103 otio&
911 4045 1027 4115 ingenio
1041 4046 1138 4118 abuti,

137 4115 193 4189 iel
206 4114 295 4183 tllllll
309 4114 394 4189 huju
405 4116 637 4279 lubrdlutatent
646 4119 805 4274 {stendere
842 4111 966 4184 Traron
1081 4162 1143 4276 (ό.)
