3000 5150
409 516 456 568 10
532 486 795 568 PRAEFATIO
828 484 1281 571 OBSERVATIONUM.

410 687 528 764 epium
542 684 683 762 'pariter
703 661 741 735 δε
761 662 856 736 nefas
875 665 1066 756 putaverit,
1097 664 1245 741 circulos
1269 669 1404 759 Aulio·

408 768 475 857 tis,
502 766 559 861 qui
577 763 789 855 compendio
816 764 975 837 brevitati
1000 760 1132 837 studere
1148 764 1316 858 voluerit,
1342 794 1407 844 no.

407 889 457 938 vn
490 862 685 952 prolixitate
711 864 862 943 turbare,
900 862 979 935 ideo
1001 862 1033 934 le
1058 862 1100 934 ab
1128 860 1221 937 hisce
1238 866 1330 940 curis
1348 875 1409 943 ab·

410 958 569 1039 stinuoss'e.
632 960 784 1052 Julioent
805 962 946 1049 cordati,
974 984 1016 1031 on
1040 984 1100 1033 non
1123 962 1176 1047 id,
1208 963 1411 1061 quodfrrit,

410 1065 501 1157 longe
524 1059 571 1154 fit
591 1062 823 1152 inconcinnior3
847 1056 881 1148 fi
901 1060 1046 1155 religioni
1061 1057 1126 1149 fibi
1146 1060 1257 1149 duxit,
1292 1070 1408 1141 notulis

412 1165 538 1241 turbore
551 1162 682 1232 circulos
704 1158 869 1240 Aultoris,
895 1180 956 1251 qua
979 1154 1083 1241 fronte
1100 1180 1173 1255 ergo
1186 1173 1231 1232 tot
1249 1160 1408 1256 aliorum,

305 1278 309 1289 ·
411 1264 444 1331 in
468 1281 590 1353 quornm
609 1260 752 1328 manibus
770 1254 887 1326 libellus
909 1255 966 1350 isle
993 1258 1156 1346 uersatur,
1180 1260 1329 1350 circulos,
1355 1288 1405 1336 co·

410 1374 489 1429 natu
506 1358 632 1427 minimo
654 1351 814 1445 necefflorio
838 1358 991 1448 omnisque
1005 1354 1155 1435 utilitatis
1171 1372 1314 1451 experte,
1340 1374 1408 1432 tur·

411 1455 527 1527 barrit?
553 1454 708 1538 Notulos,
736 1473 804 1521 enea
827 1453 947 1544 quidem
963 1447 1142 1546 sententia,
1173 1451 1242 1548 ssnr
1256 1460 1340 1528 ornni
1357 1463 1407 1531 in·

412 1552 583 1647 eptitudino
612 1551 743 1643 aolj'ioere
766 1547 936 1643 potusset,
969 1571 1059 1639 cunt,
1091 1552 1145 1644 qui
1167 1553 1271 1647 legere
1300 1559 1407 1648 nolit,

409 1649 572 1747 preterire
588 1648 663 1719 illas
679 1661 771 1741 queat
786 1702 797 1732 ,
812 1646 876 1741 sed
890 1672 933 1721 an
953 1661 1060 1722 textus
1083 1653 1285 1724 mutationem
1302 1658 1412 1749 perin·

412 1751 449 1820 cle
470 1748 512 1817 ab
534 1746 730 1837 ineptitudine
754 1746 833 1834 ille,
865 1748 949 1841 apul
971 1766 1069 1842 requos
1103 1769 1208 1821 rerum
1237 1750 1410 1846 estimato·

412 1868 482 1931 ros,
501 1840 546 1934 fit
564 1845 773 1928 liberaturus,
803 1845 895 1917 ualde
911 1846 1028 1919 dubito.
1077 1846 1161 1921 Sane
1176 1844 1211 1939 ſs
1224 1849 1410 1945 bibliopola,

413 1944 503 2037 cnjus
522 1938 666 2033 impenſsr
691 1942 769 2012 liber
793 1941 850 2039 isle
872 1945 1019 2017 bobertus
1041 1947 1179 2037 prodiit,
1203 1950 1350 2041 aquooir
1373 1951 1412 2021 il·

413 2043 479 2115 lum
495 2040 692 2133 interpolari,
710 2054 767 2110 aut
780 2040 913 2131 flamini
929 2038 1173 2137 Pofendorfiano
1188 2045 1283 2116 uilem
1300 2070 1412 2140 quarn·

412 2142 463 2214 uit
480 2153 616 2212 tramant
640 2138 741 2210 intexi
759 2140 917 2231 potietur,
949 2142 1007 2212 alii
1026 2143 1105 2211 uitio
1129 2156 1266 2232 uertere,
1292 2149 1411 2241 aapri·

411 2238 589 2330 vilegium,
606 2231 676 2332 fibi
692 2234 886 2330 ronreffirnr,
911 2240 1062 2312 violatum
1085 2243 1172 2333 queri
1188 2262 1250 2315 non
1270 2246 1410 2337 norit,

404 2333 589 2430 filibrurn,
615 2358 636 2409 a
645 2332 682 2423 se
704 2334 791 2407 volut
807 2335 1009 2422 dereliltuon,
1034 2354 1177 2432 occupet,
1203 2339 1408 2438 canumque,

403 2431 476 2529 sue
501 2434 678 2529 integritati
702 2430 899 2529 restitutum,
938 2437 1069 2531 inorirni
1093 2454 1191 2513 curet.
1248 2438 1413 2539 Quolsu·

409 2530 532 2628 peresi,
565 2530 705 2614 neonini,
729 2527 849 2622 spero,
874 2533 1088 2627 tronoaostom
1114 2534 1300 2622 videbitur,
1336 2540 1416 2633 quod

413 2633 450 2700 r'n
465 2624 546 2720 bisce
574 2622 851 2715 observationibus
875 2651 936 2700 non
963 2653 1037 2700 roro
1059 2634 1099 2702 ab
1124 2636 1256 2707 Auliore
1274 2632 1415 2732 diffensu-

414 2728 498 2808 rirn,
527 2725 623 2796 multo
640 2724 767 2807 ninas,
791 2725 924 2817 aliquam
941 2725 1003 2819 ilio
1018 2728 1163 2815 libertate
1179 2731 1330 2830 offlnsurn
1348 2739 1413 2825 iri,

413 2824 579 2909 arbitror,
618 2843 693 2892 narn
724 2821 982 2918 Pujendorfinm,
1018 2830 1114 2900 etiam
1149 2852 1221 2902 curn
1256 2828 1417 2926 diffeutio,

412 2916 628 3015 magnifacio,
660 2941 732 2991 curor
749 2920 818 3014 solo
841 2924 895 2996 boc
913 2938 995 2997 rnuto
1017 2927 1136 2999 doitore
1152 2930 1185 2999 in
1204 2930 1294 3002 alita
1317 2931 1417 3023 Juris

413 3018 586 3098 Naturalia
597 3033 764 3113 penetrare
778 3021 855 3096 ntor·
871 3023 1014 3097 licuerit:
1041 3025 1168 3103 interior
1191 3030 1312 3101 amicus
1330 3030 1417 3103 Goo-

416 3118 505 3203 tiur,
532 3117 653 3193 amicus
677 3114 922 3214 Profenlorfius‚
939 3117 1001 3212 sel
1021 3126 1126 3217 tnagis
1147 3128 1252 3203 amira
1272 3130 1416 3218 veritur,

415 3217 487 3289 binc
509 3216 605 3297 etiarn
627 3237 683 3303 eo,
716 3240 785 3309 aaa
797 3220 871 3317 jaon
892 3221 1038 3304 exhibeo,
1063 3224 1136 3294 uiuo
1159 3222 1312 3311 Aullore,
1328 3222 1416 3321 scri·

415 3316 487 3388 bere
503 3312 608 3390 nullut
626 3311 808 3410 dubitffon
821 3334 837 3393 ,.·ν
859 3321 996 3394 maxime
1010 3339 1078 3391 turn
1095 3321 1127 3393 in
1151 3321 1329 3418 uruoersurn
1346 3327 1417 3397 eni·

264 3447 270 3493 ι
407 3412 558 3510 stiriam,
584 3408 1103 3510 diffensuontutiooesobnixuot,
1117 3420 1250 3493 coriatis
1264 3426 1418 3515 acceptio·

417 3533 484 3585 reor
508 3507 588 3604 ff,
616 3533 711 3606 quatu
742 3512 974 3610 atalanten,
1001 3538 1039 3590 aa
1060 3514 1195 3610 absarrda
1211 3516 1417 3618 sobonrffione

417 3610 529 3702 ubique
550 3608 743 3705 oirtpemtn
774 3610 937 3713 effoſsam.
1054 3613 1145 3697 tuta
1194 3618 1296 3692 Scrib.
1326 3617 1418 3718 Lips.

419 3700 514 3801 nens.
538 3703 631 3783 aeto.
662 3727 771 3806 1703.
