3000 5150
504 435 696 549 erni.
768 463 891 546 Car.
935 435 1010 548 tit·
1151 445 1243 553 rr'r

254 633 363 743 ‘quant
389 649 480 724 sensu
502 650 650 745 propriae
673 647 906 721 imbecillitatis
927 648 1091 744 adigetur.
1124 648 1235 725 bPor·

256 769 319 833 ro,
346 748 506 841 religione
527 769 679 834 remota,
714 745 895 817 civitatum
917 744 1058 819 firmitas
1081 745 1235 824 intrinse-

256 863 299 911 ca
323 843 356 913 in
382 846 509 917 incerto
535 844 648 930 foret,
682 865 722 913 ac
749 844 790 912 ad
814 843 907 918 cives
931 843 967 914 in
991 842 1104 916 officio
1123 846 1230 921 couti·

249 940 406 1027 nendos,
434 941 523 1015 hand
547 962 716 1037 quaquam
739 936 903 1012 sufficeret
923 960 1033 1013 metus
1058 960 1229 1037 tempora·

248 1035 289 1106 lis
316 1055 446 1126 paenae,
473 1040 558 1112 fides
585 1039 806 1127 linit-rioribus
822 1038 919 1124 data,
945 1037 1230 1134 eiusqueservan·

249 1132 302 1202 dae
319 1134 446 1228 gloria,
472 1136 509 1210 dt
533 1136 722 1231 gratitudo,
750 1134 841 1227 quorl
861 1159 928 1227 ope
950 1136 1070 1206 summi
1095 1135 1232 1229 imperii

247 1250 268 1300 a
299 1230 437 1303 miseriis
461 1232 562 1305 status
592 1231 748 1305 naturalis
779 1227 1015 1305 defendantur.
1073 1230 1177 1304 Tunc
1196 1257 1232 1307 e·

247 1325 322 1414 nim
347 1351 468 1402 reuera
498 1334 611 1402 locum
635 1330 793 1414 haberet,
823 1328 897 1432 Qut
924 1352 1013 1401 noni
1038 1350 1142 1417 serr,
1170 1354 1233 1403 co·

244 1446 287 1518 91
314 1448 444 1497 unscn'
462 1428 548 1521 (υἷε
577 1428 701 1522 quippe
723 1449 803 1495 cum
825 1428 938 1498 Deum
960 1450 1030 1498 non
1047 1426 1232 1516 metuenti·

242 1521 307 1594 bus
340 1524 421 1593 nihil
457 1526 565 1617 magis
592 1547 692 1620 qnam
721 1546 812 1594 tnors
842 1524 947 1595 metui
980 1522 1110 1615 potue,
1149 1524 1232 1597 huic

243 1626 508 1692 contemnende
532 1623 590 1716 qni
613 1617 795 1706 sufficeret,
822 1620 855 1692 in
871 1622 1077 1712 imperantes
1095 1620 1227 1717 quavis

244 1736 376 1790 tentare
400 1716 519 1810 pollet.
574 1720 621 1790 Ur
641 1740 752 1789 autem
777 1718 811 1788 id
829 1720 950 1805 vellet,
979 1717 1039 1789 virt
1056 1719 1153 1792 causa
1168 1719 1232 1791 de·

241 1812 358 1899 futura
382 1813 488 1902 [ωας
516 1839 595 1911 puta
620 1836 656 1887 ut
682 1814 865 1888 declinaret
886 1815 1126 1903 incommoda,
1150 1838 1227 1911 quae

242 1910 306 1984 sibi
337 1915 378 1982 ab
404 1914 536 1988 alterius
565 1912 709 2006 imperio
733 1914 893 1984 videntur
917 1914 1138 2000 incumbere3
1164 1932 1229 1987 auc

242 2030 280 2080 ut
304 2008 373 2099 ipl'e
400 2012 563 2102 potiretur
597 2012 815 2085 commodis.
847 2035 923 2103 quae
942 2009 1074 2103 imperii
1100 2007 1230 2102 polles·

239 2104 351 2178 sorem
374 2112 590 2182 comitantur.
642 2108 826 2180 I'raelertim
848 2129 927 2178 cum
952 2107 1052 2179 facile
1074 2106 1227 2199 iudicare

238 2203 362 2295 pellit,
386 2207 459 2297 jure
488 2208 520 2279 se
546 2210 578 2278 itl
603 2204 739 2290 sacerc3
773 2206 828 2276 vel
854 2205 967 2297 quod,
1001 2203 1114 2295 quiin
1141 2225 1227 2293 prae·v

237 2300 316 2373 sens
339 2325 454 2371 rerum
479 2304 631 2394 potitur,
666 2326 772 2393 prave
797 2302 1043 2390 rempublicam
1069 2299 1228 2393 videatur

237 2421 381 2493 gcrere‚
417 2401 470 2470 uel
493 2402 583 2493 quntl
612 2398 680 2491 inse
702 2400 802 2491 longe
830 2396 950 2467 melius
977 2397 1228 2488 imperaturum

236 2494 309 2569 sese
333 2498 450 2589 speret
503 2494 650 2569 Occasio
681 2515 795 2566 antem
821 2496 862 2565 ad
891 2494 968 2564 talia
994 2496 1152 2566 tentanda
1175 2494 1227 2567 fa·

239 2595 305 2666 cile
330 2593 445 2667 efferri
470 2593 598 2690 pollet,
626 2619 706 2686 rege
731 2592 838 2665 vitam
860 2593 949 2662 suam
970 2615 1038 2663 non
1058 2594 1130 2663 latis
1146 2614 1228 2664 cau-

236 2712 275 2773 te
301 2693 604 2789 circumsepiente,
638 2690 703 2785 (dc
729 2691 801 2783 qnis
828 2691 884 2762 tali
913 2714 1025 2763 rerum
1053 2687 1139 2762 statu
1167 2714 1228 2762 cu·

238 2788 351 2861 stodes
381 2791 466 2884 ipl'os
494 2788 717 2884 cnstotlert)
753 2786 824 2881 (r)
856 2789 912 2859 rel
949 2790 1063 2860 multis
1090 2788 1226 2883 conspi-

238 2888 407 2986 rantibus,
433 2890 488 2962 vel
509 2891 596 2962 bello
618 2909 762 2961 externo
795 2891 996 2982 ingruente,
1035 2886 1164 2958 adscitis
1186 2887 1222 2959 in

236 3006 349 3078 partes
372 2986 535 3059 hullibus.
588 3006 600 3040 0
623 2989 784 3059 linter-sa
807 2988 902 3076 cives
924 2985 966 3055 ad
991 2985 1127 3075 injurias
1145 3006 1222 3078 mu·

234 3104 298 3157 tuo
326 3082 516 3158 inferendus
536 3082 640 3158 futuri
656 3083 760 3156 clletrt
775 3082 969 3175 prnmffimi.
1021 3085 1106 3152 Cum
1126 3082 1224 3151 enim

234 3180 271 3269 in
298 3181 373 3250 luto
395 3184 487 3254 civili
515 3185 758 3276 pronunciettrr
780 3182 965 3251 secundum
991 3178 1066 3249 alta
1088 3179 1124 3247 dr
1143 3198 1225 3269 pro·

234 3280 335 3356 bata,
362 3281 476 3350 omnia
501 3281 623 3349 scelera
650 3279 687 3350 tit
714 3273 863 3370 llngitiu,
890 3275 1070 3369 exquibus
1090 3275 1224 3344 luctum

234 3375 419 3468 provenire
440 3395 558 3466 aptum
578 3375 644 3461 est,
674 3376 697 3445 l'r
717 3372 856 3442 occulte
884 3369 1010 3462 patrari
1028 3370 1065 3442 dr
1085 3367 1153 3441 stne
1171 3392 1225 3440 ar·

237 3471 335 3544 bitris
362 3467 511 3560 pollent,
539 3494 600 3557 pro
625 3467 824 3541 dexteritate
847 3468 1052 3564 ingenibin
1070 3488 1135 3559 qua
1152 3467 1224 3561 pla'·

234 3572 317 3641 'cere
338 3564 398 3641 sibi
418 3569 490 3662 quis
506 3563 633 3661 pollet,
661 3567 872 3639 haberentur.
923 3563 1072 3636 lNemo
1088 3560 1224 3660 quoque

1140 3684 1229 3757 Opes

230 3911 250 3941 ‚·
269 3879 330 3937 (e)
347 3878 445 3942 Nescis}
482 3882 599 3931 Snrecn.
616 3880 718 3927 Herculis
781 3877 795 3938 (
804 3879 841 3938 .τ)
859 3873 985 3939 castellot}
999 3878 1157 3938 Jnrennats,
1174 3850 1224 3925 Sat)

229 3943 351 4005 serentis,
368 3942 548 3995 ntt.11.st·en.
565 3946 651 4005 Lycus,
665 3945 715 3990 Mr-
747 3944 790 3990 vt.
806 3941 868 3989 vers.
885 3951 948 4000 347,
964 3943 1021 4001 348.

230 4020 310 4070 ‘m'
329 4005 374 4050 ἄρ’
778 4092 888 4103 —--
903 4063 947 4115 sd
960 4068 1009 4126 quis
1023 4063 1125 4128 eastun
1138 4052 1193 4130 bsh

267 4151 359 4167 .--
375 4129 426 4189 Cogi
440 4131 572 4194 μίμνβ,
587 4132 653 4193 uestit
669 4148 713 4182 m·
778 4130 895 4193 Custodes?
925 4131 1005 4184 IDEM·

299 4191 331 4245 il.
362 4190 441 4243 Iurat.
1197 4248 1201 4256 ³

843 4252 865 4316 t
927 4252 930 4259 “
1173 4252 1224 4320 (r)
