3000 5150
393 469 464 544 rati
556 462 627 535 Dn
680 462 918 537 Orrtcto
967 409 1232 542 Hortrttts

303 704 306 711 .
393 638 440 710 do
460 637 606 731 primum
629 638 750 711 eadem
776 633 1007 723 hauserimus,
1043 656 1115 710 non
1141 635 1243 710 aliter
1272 634 1319 712 de
1348 661 1382 713 ea

394 738 594 831 cognitione
610 738 822 832 cogitamus,
851 754 892 804 ac
917 732 940 802 st
963 732 1017 805 illa
1040 732 1141 806 nobis
1168 736 1382 813 nascentibus

390 832 463 931 jam
493 831 644 905 adfuiffet
678 834 753 928 (le).
813 831 852 901 ld
876 831 966 924 quod
997 827 1137 907 cuilibet
1161 834 1276 909 etiam
1301 835 1382 912 circa

394 932 544 1028 lingnam
560 931 622 1028 ipsi
648 928 870 1004 vernaculam
891 928 1070 1026 contingit.
1090 1001 1094 1007 ,

575 1126 605 1221 J.
631 1124 681 1198 N.
707 1121 749 1207 &²
776 1125 819 1200 G.
843 1126 863 1200 l.
894 1144 950 1197 11.
973 1149 1001 1200 c.
1022 1145 1056 1218 3.
1080 1122 1110 1224 i.
1138 1145 1198 1221 13.

1322 1290 1378 1363 Dr⁴

387 1481 459 1539 Deam
473 1477 576 1550 aaneffe,
591 1498 641 1536 turn
655 1485 867 1546 homicidium‚a·
898 1475 942 1547 (4)
957 1476 1143 1546 Uitrasianum
1162 1473 1231 1544 inin
1244 1478 1375 1535 ateaeaura
1420 1521 1421 1544 ,

387 1556 535 1609 dulterium,
550 1550 678 1610 pastorum
691 1552 794 1598 violatio
807 1549 868 1598 ilmi-
897 1562 965 1605 aura,
980 1562 1011 1595 eo
1031 1550 1126 1597 scilicet
1140 1548 1230 1607 sensu,
1244 1550 1312 1607 quod
1328 1547 1374 1604 citu

387 1618 458 1664 leave
475 1614 561 1674 acius,
576 1628 626 1661 non
642 1627 733 1662 tantum
751 1627 796 1671 pet
812 1614 866 1671 spe·
899 1611 1015 1670 neglectae
1041 1612 1094 1670 post
1114 1614 1160 1659 lrac
1182 1613 1261 1660 vitatu
1281 1614 1307 1660 lit
1326 1614 1376 1659 red·

386 1679 552 1734 culationem,
577 1678 618 1725 sed
642 1680 664 1724 ὰ
687 1690 773 1724 revera
796 1688 867 1724 erunt
897 1676 978 1722 denda
998 1677 1073 1722 ratio:
1089 1669 1137 1723 hoc
1154 1677 1190 1723 uti
1207 1674 1294 1733 religio
1314 1674 1376 1723 Clari*

386 1741 569 1795 indifferentia3
595 1744 626 1787 tle
650 1740 797 1795 blasphemia
825 1754 866 1787 au·
897 1738 972 1785 ssianr
987 1749 1071 1795 auerte
1086 1739 1180 1794 docet,
1197 1736 1231 1786 ita
1245 1737 1330 1794 idern,
1350 1740 1375 1787 [i-

386 1816 438 1851 cern
461 1806 527 1850 nulla
554 1815 604 1849 tunt
630 1803 720 1860 poterit
737 1804 784 1850 elie
800 1815 866 1859 quae·
897 1813 938 1847 cut
960 1801 1033 1847 etiam
1057 1800 1161 1859 primurn
1183 1802 1206 1846 or
1225 1802 1378 1860 secundum,

386 1866 450 1926 ilio,
471 1866 542 1923 quin,
567 1878 654 1923 negato
671 1867 743 1924 Deo,
766 1866 809 1913 illa
832 1866 867 1913 est
897 1865 1056 1921 quodmodo
1071 1863 1327 1927 memoraiimna,ex
1340 1864 1374 1911 dl·

386 1941 438 1976 non
458 1940 516 1980 cns,
531 1928 641 1985 quamvis
655 1929 828 1987 Zentgravius‚
842 1932 866 1975 in
897 1926 980 1985 ligenti
995 1927 1136 1983 legissatoris
1155 1927 1376 1986 contemplatione,-

386 1990 487 2054 lequlfi
510 1992 535 2036 da
558 1990 613 2053 Jar.
634 1992 720 2040 Nam.
738 2003 785 2038 an.
805 1995 828 2039 8.
843 1992 866 2052 §.
898 1990 973 2048 ratio,
989 1991 1060 2037 etiam
1083 1990 1126 2037 fibi
1149 1987 1254 2048 reiicit,
1280 1991 1376 2049 collige·

388 2067 427 2103 at.
442 2067 466 2114 p.
481 2065 534 2113 241.
550 2057 699 2101 contendat:
713 2057 795 2101 malua
814 2054 867 2114 offa,
899 2066 926 2100 te
941 2055 1020 2112 valet,
1039 2047 1094 2101 add.
1113 2064 1166 2100 not.
1184 2054 1215 2099 ad
1231 2054 1300 2099 Praei.
1319 2054 1340 2114 ς.
1357 2065 1378 2107 ς.

387 2119 460 2168 oea.
484 2119 586 2164 convitiis
609 2118 767 2176 proscindcre,
782 2118 818 2177 β,
842 2132 869 2164 na
927 2128 951 2172 7.
970 2117 1005 2161 Ex
1030 2116 1063 2163 lais
1085 2116 1149 2163 adeo
1170 2112 1281 2162 definitio
1306 2115 1378 2175 Legit

386 2184 460 2231 Dea·
481 2181 567 2241 quddam
583 2181 648 2240 dari,
670 2184 707 2228 val
720 2184 814 2227 maxima
823 2179 868 2239 fin·
899 2178 1023 2228 Naturalis
1036 2176 1196 2226 constitutive
1212 2177 1267 2225 satia
1284 2176 1379 2226 intelli·

384 2242 631 2307 gas‚1’ufendoriio‚
654 2242 679 2290 in
698 2244 785 2291 lanan.
802 2247 869 2291 zena·
898 2243 923 2297 qi
939 2241 1027 2300 potest.
1047 2238 1345 2300 Permirumtvidaaq.
1358 2253 1379 2290 t.

385 2323 455 2371 gm.
477 2306 498 2368 5.
525 2319 561 2362 13.
583 2318 608 2367 p.
635 2318 674 2366 ⁵9·
696 2306 818 2368 addaiu,
836 2320 868 2355 en
899 2307 922 2352 lt.
933 2316 955 2352 c.
968 2305 1004 2351 lit.
1018 2304 1055 2363 (ι’)
1070 2305 1143 2363 ms.)
1159 2304 1191 2351 eii
1210 2303 1379 2353 Mat-uo·

386 2370 489 2419 nomine
507 2369 594 2418 merito
616 2368 707 2417 irrisus.
899 2369 993 2414 luntatis
1010 2371 1116 2427 Divina,
1135 2378 1178 2427 par
1197 2368 1307 2415 raama·
1327 2380 1378 2428 pro·

421 2446 444 2489 5.
462 2434 625 2480 Slcutautem
645 2429 868 2481 controvetfiailia
900 2432 1042 2492 uulgatum,
1074 2447 1115 2491 quo
1138 2431 1260 2479 imi-liar
1281 2430 1379 2491 faenlm

388 2495 414 2543 in
438 2497 494 2543 foro
517 2495 598 2555 civili,
613 2508 654 2542 aut
672 2495 736 2542 circa
755 2495 867 2542 deterrui·
899 2498 1002 2553 natalis,
1023 2495 1098 2554 aaut,
1120 2508 1168 2560 eq
1185 2505 1271 2540 mara
1285 2497 1377 2542 inm

387 2560 493 2606 nandum
511 2557 637 2605 aeiionum
657 2558 797 2616 specialium
815 2570 868 2606 mo·
885 2556 1014 2617 auulsum
1040 2573 1082 2605 nan
1112 2559 1265 2606 amianas
1288 2560 1326 2606 ul
1338 2571 1377 2619 p·-

387 2620 534 2679 ralitatem‚
558 2622 651 2669 nullum
677 2623 749 2668 habet
781 2618 870 2679 usum,
897 2633 1010 2683 gnanus,
1049 2619 1200 2680 siscipiandl,
1249 2621 1378 2669 malim.

386 2684 444 2743 sed,
462 2686 491 2730 ad
503 2682 580 2740 uritna
593 2683 732 2732 moralitatis
750 2683 868 2741 principia
900 2685 989 2745 Quodsi
1008 2684 1174 2742 ptaecetlentia
1200 2682 1281 2740 capita
1301 2686 1377 2732 brevi·

387 2747 434 2794 rite
449 2746 635 2804 cognoscenda,
650 2748 771 2805 pertinet,
788 2745 820 2794 ita
831 2747 867 2794 sa·
900 2760 938 2796 ter
954 2747 1026 2794 etiam
1043 2749 1089 2793 lmc
1103 2747 1252 2806 applicanda
1265 2747 1321 2804 tint,
1338 2758 1378 2795 oc·

387 2809 437 2856 cile
457 2809 529 2854 ctiam
545 2809 664 2866 componi
679 2810 771 2867 potest,
789 2812 803 2857 it
823 2821 868 2866 per
900 2811 974 2858 currit
989 2810 1029 2869 (r)
1045 2809 1237 2858 Fando-aaran:
1252 2809 1287 2856 est
1300 2810 1378 2859 itidem

387 2870 552 2918 moralitatem
574 2872 732 2920 antactdmum
748 2870 868 2931 intelligas
899 2877 995 2922 Natura
1012 2877 1123 2932 inuno,
1140 2874 1199 2920 dum
1225 2872 1292 2921 enim
1305 2874 1374 2923 Ratio

388 2932 578 2989 aciionumcum
596 2948 679 2981 natura
696 2938 868 2983 humanacon·
899 2937 1000 2995 inquirit
1026 2938 1048 2983 δι
1075 2935 1157 2986 eruit,
1182 2933 1316 2995 quiricum
1336 2937 1375 2985 illa

386 2995 538 3045 venientium
561 3001 603 3045 vel
627 2998 799 3059 pugnantiam,
823 3011 869 3057 per
898 2997 1163 3109 necessatiatqrabcat
1183 2999 1379 3048 convenientiam

385 3061 545 3123 eanstqaanttta
584 3074 646 3109 vero
687 3063 868 3122 moralitatem,
898 3067 941 3112 vel
960 3076 1055 3122 pugnata
1076 3075 1132 3121 ant,
1156 3063 1271 3121 adeoque
1286 3061 1376 3110 facien-

385 3124 490 3184 proprie
507 3125 540 3172 tic
555 3122 659 3185 dictam,
677 3138 731 3183 quae
749 3126 869 3186 exlegis,
900 3128 957 3174 dum
972 3139 1013 3174 aut
1029 3125 1191 3173 omittendum
1213 3126 1254 3184 iit,
1272 3136 1303 3172 eo
1321 3122 1375 3185 ipso

386 3187 585 3236 convenientiam
606 3192 645 3235 rel
667 3188 821 3247 pugnantiam
838 3190 866 3237 il·
899 3190 974 3238 etiam
995 3188 1138 3249 cognoscit,
1156 3187 1216 3246 quid
1236 3199 1324 3236 natura
1342 3188 1378 3235 in·

383 3252 434 3300 lam
451 3251 556 3306 secutae,
571 3251 726 3309 dispofitinne
743 3252 852 3302 resultet.
897 3253 1033 3312 differens,
1055 3254 1167 3309 adeoque
1187 3251 1305 3309 licitum,
1327 3250 1377 3299 exi·

416 3316 440 3363 6.
457 3315 567 3363 Tandem
583 3315 727 3378 sextoJuris
743 3315 867 3364 Naturalis
898 3317 988 3364 iilmarl
1010 3316 1116 3374 debeat,
1134 3294 1194 3374 (ᾖ
1212 3315 1310 3364 Aaou:
1334 3326 1377 3374 pto

382 3373 481 3439 Efficias
501 3379 573 3425 etiam
595 3381 792 3428 considerandus.
826 3380 865 3425 Est
898 3393 947 3436 quo
963 3381 1024 3426 Dans
1038 3378 1120 3426 itidem
1145 3377 1316 3437 agnoscendus
1333 3372 1378 3435 eu,

382 3442 477 3490 scilicet
499 3444 629 3505 obligatio,
658 3444 679 3489 aa
698 3443 797 3501 quidem
813 3442 864 3500 (r)
898 3442 941 3505 (³)
955 3443 1122 3502 Pranulgatia:
1140 3453 1186 3500 per
1206 3443 1328 3488 italam·
1340 3443 1376 3487 lex

381 3501 535 3565 valvarfialis,
563 3518 649 3553 omnes
677 3506 786 3551 imminet
820 3506 864 3552 nb·
897 3500 1031 3563 permitiiva
1048 3517 1147 3563 quoque
1160 3504 1310 3566 innotescit,
1326 3502 1375 3557 itta·

380 3567 513 3627 stringens.
543 3570 584 3628 (a)
603 3569 762 3628 Eeaeiiffima,
789 3568 862 3614 inter·
897 3581 921 3616 ta
938 3581 982 3625 ea,
1003 3581 1057 3626 quae
1082 3568 1212 3628 proxime,
1238 3584 1262 3614 n.
1283 3568 1375 3617 mdix!-

381 3643 439 3680 narn
464 3631 536 3677 etiarn
566 3628 638 3678 animi
662 3633 790 3679 tantitatem
813 3631 865 3678 exi·
896 3630 1212 3694 mus,(4)fabjttiunraad
1231 3646 1304 3678 aaran
1315 3632 1376 3679 bui·

380 3707 456 3755 qens,
477 3693 518 3751 (a)
535 3694 692 3742 immutabilis.
717 3695 772 3751 quia
794 3702 862 3743 natu·
894 3713 930 3744 nas
940 3695 982 3743 illa
997 3696 1117 3754 pertinet,
1131 3694 1172 3752 (ς)
1183 3692 1315 3752 Oijttiana
1327 3693 1376 3741 sunt

378 3771 432 3806 ram
450 3756 667 3816 humanam,ltaut
688 3770 802 3806 mutatam
821 3760 862 3804 vel
895 3758 1005 3807 actiones
1022 3757 1208 3812 indifferentes,
1237 3757 1260 3803 id
1282 3757 1316 3805 eli
1338 3762 1375 3804 ne·

380 3821 545 3873 mutandam,
573 3831 687 3878 tanquam
719 3821 863 3868 fundamen·
895 3821 1374 3882 cetiaria,cumnaturahttmanacon·

383 3895 449 3942 tum,
474 3880 657 3942 mesoptamia,
685 3897 862 3935 nonnunquam
895 3886 1004 3932 nexione
1029 3885 1070 3930 vel
1090 3882 1373 3941 argumentantium,

382 3956 464 3993 tamen
475 3950 549 3992 ntimo
560 3942 629 4004 ipse,
647 3946 716 3994 cuius
729 3947 803 4005 gratia
819 3949 863 3993 ob·
896 3950 1007 4005 adeoque
1030 3947 1141 4004 quamvis
1163 3945 1223 4003 tegis
1241 3945 1375 4007 dispofitlo·

382 4007 466 4061 litatio
490 4009 648 4067 introducta,
677 4011 863 4058 fundamentum
895 4024 951 4059 nem
964 4010 1077 4065 recipere
1093 4010 1272 4069 aptt,vid‚ad
1284 4010 1347 4057 c.11.
1367 4040 1375 4057 .

383 4066 444 4115 illud
462 4074 565 4129 alterare
584 4076 665 4132 valet,
680 4086 730 4128 qun
743 4072 809 4120 neta
820 4072 864 4121 ob·
897 4073 976 4122 rt.lit.
988 4073 1029 4136 (g)
1039 4089 1062 4120 n.
1073 4088 1095 4121 a.
1109 4080 1130 4119 t.
1139 4073 1259 4134 denique,
1268 4073 1343 4136 (6st

382 4131 464 4188 ligatio
482 4134 566 4196 cessat,
581 4137 649 4194 quia,
668 4148 738 4184 extra
750 4137 803 4184 illas
819 4136 866 4185 cir·
895 4141 953 4187 liat:
972 4139 1024 4186 sunt
1038 4137 1227 4195 omnlseaneris
1236 4141 1313 4195 jura,
1323 4148 1377 4186 con-

383 4194 557 4259 cumstantiaa,
581 4210 706 4260 nunquam
739 4199 865 4265 obtinuit,
895 4213 952 4254 nata
965 4203 989 4254 it
1001 4198 1153 4264 adventitia,
1168 4208 1196 4252 ut
1210 4199 1333 4263 libertas,
1344 4198 1378 4246 in·
