3000 5150
455 472 1068 555 OBSERVATIONUM.
1218 499 1245 572 5

253 679 347 752 quam
365 672 398 729 ut
415 653 625 750 illinsscripta
641 655 746 747 aliqua
759 653 1012 727 commendatione
1029 668 1158 749 egeant,
1187 677 1241 729 ne·

255 756 384 826 randum
407 760 508 848 potius
538 755 614 823 milri
625 751 737 845 foret,
764 772 799 820 ne
821 752 970 840 laudare,
1015 772 1039 824 rt
1061 755 1239 846 detrahere,

253 876 323 925 curn
340 855 456 949 exigua
471 876 542 925 mea
551 848 679 945 scriptio
691 849 898 943 prestantium
916 859 1090 924 rnernarum
1106 878 1166 927 non
1179 852 1238 943 fu·
1286 871 1291 879 ‘

253 952 310 1021 cilo
320 950 366 1042 stt
387 948 581 1045 affictum,
607 973 664 1034 uc,
687 961 780 1039 procot
800 951 946 1039 percpi,
970 952 1145 1038 elocuturu,
1171 953 1236 1023 Pu·

243 1045 439 1141 fendorfiurn
456 1071 558 1119 rerum
572 1048 815 1117 memorabilium
832 1062 982 1135 apparatu
1002 1051 1177 1132 abundare,
1201 1054 1235 1125 in

250 1147 408 1218 decidendo
425 1144 481 1237 effe
494 1168 623 1239 gravene
645 1141 688 1227 &⁹
701 1158 897 1227 accuratum,
916 1139 1120 1236 filogoniunc
1137 1151 1238 1219 intere.

252 1243 324 1311 dere
345 1245 444 1330 uelit,
467 1245 579 1336 eloquio
604 1245 792 1338 elegantem,
815 1238 991 1330 jucundum
1014 1239 1058 1321 ὅ
1079 1260 1237 1337 propemo-

251 1339 326 1408 dum
352 1343 641 1435 incomparabilem,
676 1340 818 1433 quicquid
831 1335 925 1431 forte
954 1339 1239 1415 Grammaticorum

252 1438 462 1511 nonnullorum
478 1437 636 1531 moroſstus
652 1441 849 1532 ogganniat,
874 1438 957 1528 opud
975 1436 1156 1530 plerosque,
1179 1456 1240 1532 pu·,

251 1546 310 1621 to,
333 1541 385 1630 qui
400 1536 596 1635 ejnsscriptu
611 1538 737 1631 legunt,
762 1538 794 1606 iu
812 1532 942 1627 confcffo
956 1536 1012 1630 cll.
1064 1537 1160 1635 Quod
1172 1540 1236 1632 igi·

251 1645 305 1700 tur
331 1634 506 1729 Kulpifiuc,
543 1636 577 1706 in
600 1633 800 1706 Praeiatione
826 1632 968 1726 Collegii
995 1632 1173 1721 Groeroni,
1199 1638 1236 1708 de

241 1724 281 1821 sc
285 1729 433 1823 fatetur:
458 1731 596 1805 felicem
620 1733 653 1805 se
670 1732 852 1826 praedicare
868 1732 980 1813 diem,
1009 1752 1078 1826 quo
1098 1731 1256 1806 Grocia·.

250 1850 333 1900 num
353 1852 441 1923 opus
467 1831 616 1919 primum
641 1831 676 1901 in
701 1851 819 1900 munus
845 1827 1014 1912 sumserit,
1039 1827 1235 1903 feliciorem

250 1946 360 2014 eum,
388 1929 444 2022 qui
466 1930 594 2003 l'cholns
619 1924 754 2000 illustris
777 1926 1116 2022 Argentoratenirom
1138 1927 1234 2021 JCti,

255 2022 362 2098 Ulcici
381 2027 567 2109 Obrechti,
594 2025 656 2118 ipsc
673 2027 863 2120 aperuerit,
888 2026 1008 2119 quibus
1033 2024 1068 2096 in
1088 2021 1236 2112 receliue

252 2142 321 2194 tarn
347 2125 467 2197 nobilis
492 2125 634 2196 thesauri
658 2124 800 2216 propius
820 2122 963 2204 intrare,
988 2122 1238 2216 praesentesque

252 2223 324 2313 ejus
342 2222 415 2293 usuc
432 2219 548 2314 pallito
566 2219 861 2313 comprehendere
876 2215 1036 2305 licuillet,
1061 2222 1108 2302 id,
1126 2215 1159 2308 sc
1176 2242 1243 2289 mo·

252 2319 288 2390 do
314 2323 346 2388 in
371 2318 470 2388 literis
495 2320 631 2409 reliquum
643 2315 833 2408 felicitatem
862 2332 1002 2405 ponere,
1033 2336 1068 2383 oc
1093 2316 1242 2394 Virorum

257 2418 425 2488 Celebriuru
452 2416 571 2499 verba,
596 2413 714 2502 obpcuri
738 2413 868 2480 nominis
894 2411 1062 2480 hominibus
1088 2407 1239 2505 usurpare

241 2513 307 2610 fac
325 2512 394 2606 est,
420 2514 466 2582 ad
486 2534 554 2596 me,
578 2510 677 2603 quoad
690 2510 844 2580 lectionem
851 2505 1041 2602 scriptorum
1063 2508 1240 2602 Pufendor·

242 2610 423 2706 planorum,
447 2610 645 2702 applicarem.
703 2606 825 2700 Legere
848 2608 905 2678 illu
926 2610 1001 2696 caepi
1020 2610 1123 2679 animo
1146 2611 1237 2698 rudi,
1351 2626 1356 2633 ·

249 2707 370 2799 constlio
391 2709 502 2779 inuecto
523 2729 561 2777 ac
577 2703 648 2798 stne
671 2706 731 2776 ullo
755 2707 895 2790 duilore,
910 2701 972 2797 sed
987 2705 1238 2800 impensaopereu

249 2830 403 2897 nunquam
419 2829 466 2877 one
475 2805 636 2898 penituit,
662 2826 753 2888 narn,
773 2799 838 2892 fine
857 2807 1002 2897 genuinis
1019 2803 1115 2895 Jucis
1130 2806 1239 2876 Natu-

249 2907 329 2976 ralis
356 2905 535 2996 principiis,
565 2906 597 2974 in
625 2904 712 2971 nulla
738 2900 1003 2994 Jucispondentioe
1030 2901 1239 2975 Particularic

243 3018 357 3097 parte,
387 3005 465 3073 roilo
482 3022 568 3092 quem
594 2995 716 3093 versari
737 2994 842 3091 peffe,
871 2999 1077 3093 deprehendi,
1102 3002 1183 3087 imo,
1198 2993 1238 3090 fi

249 3100 342 3172 libere
350 3094 541 3192 sententiam
558 3100 657 3168 dicere
682 3099 771 3182 licet,
798 3097 944 3167 doilrine
967 3098 1050 3167 illius
1074 3095 1237 3191 beneficio,

251 3197 485 3270 Pcdnnriunnm
503 3190 545 3277 ἐξ
563 3194 790 3291 imposturam,
818 3218 884 3287 qua
902 3195 1167 3289 Juricprudentiae
1192 3191 1237 3277 ἐφ’
1310 3218 1312 3227 ·

253 3294 398 3389 Justitiee
419 3297 539 3366 nornine
558 3316 616 3365 non
641 3314 711 3363 raro
733 3307 905 3387 teguntur,
929 3296 1063 3384 penitius
1077 3293 1236 3384 cognosci,

251 3389 403 3466 intellexi.
453 3390 619 3484 Postquam
640 3392 721 3461 inter
737 3392 884 3464 Doctores
899 3390 1032 3483 aliquem
1058 3391 1176 3458 elotinui
1192 3390 1238 3460 lo·

250 3512 348 3572 cum,
374 3487 495 3579 reliquis
518 3488 779 3580 Jnrisprudcntie
804 3489 947 3580 pertibus
970 3485 1155 3558 Naturalem
1178 3484 1237 3580 effe

245 3585 463 3685 jungendam,
488 3588 651 3674 enepotius
668 3586 750 3673 ollis,
775 3581 1130 3674 uelutfundamcntum,
1152 3604 1237 3680 pra·

249 3686 450 3770 mittendam,
466 3678 594 3778 scrnper
611 3681 707 3752 etiam
730 3681 856 3774 conlui,
882 3681 968 3769 lrinc,
991 3682 1062 3775 plus
1080 3683 1146 3753 vice
1155 3681 1237 3775 stm-

248 3788 340 3881 p'ici,
363 3785 428 3877 ejus
450 3782 612 3874 principa,
630 3779 730 3872 juxto
756 3782 876 3850 dudum
891 3796 983 3850 antea
1002 3780 1124 3850 laudati
1139 3781 1236 3854 libelli

250 3878 506 3974 Pufemlorfiuni‚
531 3886 573 3950 de
594 3874 722 3949 Officio
746 3873 965 3951 Hominis&
988 3876 1101 3966 Civis,
1115 3875 1234 3974 scholis
1324 3942 1330 3950 .

250 3978 384 4075 privatis
406 3974 546 4073 exposui,
574 3974 722 4071 applausit
744 3998 805 4050 non
830 3975 947 4071 quidem
971 3999 1112 4072 magno,
1146 3993 1234 4051 atto·

249 4099 320 4154 rnen
343 4097 401 4151 non
418 4077 512 4177 piune
530 4076 612 4153 nullo
634 4071 678 4160 fii
696 4076 787 4225 toli2
806 4076 925 4171 qualem
938 4070 1005 4175 fibi
1018 4076 1161 4176 polliceri
1177 4095 1233 4271 pp·

763 4258 773 4271 .
811 4196 832 4272 3
1155 4190 1186 4249 ii
1220 4225 1254 4265 ov
