3000 5150
374 473 560 550 Liras.
632 472 880 549 Canlll.
1054 498 1129 571 123

131 662 183 734 ita
214 653 254 728 sit
276 647 458 724 constituta
490 646 581 745 (d),
618 665 654 719 ut
681 644 768 718 citra
791 645 982 721 sociabilem
1009 649 1122 724 vitam

131 759 323 830 humanum
345 770 452 845 genus
475 746 650 817 incolume
675 741 741 816 else
762 765 925 836 nequeat,
950 745 1116 821 hominis·

136 877 206 950 que
222 850 352 924 animus
368 845 546 918 notionum
571 843 639 918 lmc
657 842 914 914 inservientium
935 865 1043 939 capax
1061 848 1120 921 de·

138 948 389 1047 prebendarum
422 943 461 1015 dr
484 962 568 1014 vero
595 960 736 1033 pareat,
773 963 844 1011 non
873 940 978 1012 solum
1014 967 1127 1038 genus

139 1052 348 1128 humanum,
395 1039 444 1113 uti
478 1040 559 1113 allas
587 1060 785 1127 creaturas,
830 1038 997 1134 originem
1030 1042 1124 1113 suam

136 1149 215 1220 Deo
236 1144 381 1228 debere,
407 1137 461 1211 sed
480 1136 517 1209 dc
540 1138 689 1210 eundem
710 1134 818 1224 istud,
845 1153 1032 1232 utcumque
1051 1140 1125 1233 jam

134 1243 385 1325 constitutum,
420 1235 646 1328 providentiae
673 1233 739 1305 suae
765 1234 1001 1308 moderamine
1028 1260 1124 1308 com·

135 1340 273 1435 plecli:
309 1335 387 1408 inde
411 1332 647 1427 consequitur,
675 1333 789 1405 Deum
815 1333 927 1418 velle,
956 1352 993 1403 ut
1014 1334 1129 1406 homo
1198 1401 1202 1407 .

136 1442 178 1513 iis
206 1437 357 1521 viribus,
390 1453 473 1526 quas
498 1430 556 1504 sibi
583 1452 653 1524 prae
682 1431 785 1503 brutis
810 1432 998 1526 peculiares
1021 1431 1128 1507 inesse

137 1537 255 1622 sentit,
295 1532 336 1604 ad
358 1551 486 1604 naturae
512 1529 578 1603 suae
608 1529 878 1602 incolumitatem
910 1550 1048 1619 utatur,
1076 1553 1128 1603 ut·

135 1659 204 1730 que
221 1633 307 1705 adco
325 1631 345 1702 a
363 1633 540 1701 brutorum
565 1627 687 1721 exlege
705 1628 797 1717 vita,
824 1628 975 1701 humana
995 1630 1066 1702 vita
1084 1629 1125 1707 stt

134 1728 307 1805 distincta
357 1728 394 1799 ld
414 1728 506 1823 qnod
527 1749 607 1797 cum
622 1724 738 1812 aliter,
765 1749 869 1823 quam
896 1726 1027 1799 servata
1048 1729 1126 1824 lege

137 1827 309 1908 naturali,
343 1825 485 1897 obtineri
511 1844 676 1919 nequeat3
712 1824 911 1922 intelligitur
940 1848 1077 1920 quoque
1102 1850 1126 1902 a

136 1930 216 2002 Dco
242 1923 431 2021 obligatum
461 1924 637 1996 hominem
662 1919 703 1993 ad
735 1920 868 1995 isthanc
901 1922 1121 2016 servandam,

139 2045 303 2121 tanquam
328 2020 503 2110 medium,
531 2044 601 2092 non
629 2042 673 2091 ex
699 2021 840 2093 arbitrio
864 2019 1043 2095 hominum
1072 2024 1124 2096 in·

135 2143 304 2208 ventum,
341 2142 381 2194 ac
398 2142 443 2192 ex
469 2144 590 2192 eorum
618 2117 756 2190 libidine
779 2119 962 2202 mutabile,
995 2119 1051 2191 sed
1067 2144 1129 2193 ex·

137 2218 248 2317 prelse
271 2220 313 2290 ab
341 2216 415 2311 ipso
443 2218 542 2303 Deo,
575 2207 656 2286 huie
679 2214 741 2287 fini
770 2218 1008 2309 procurando,
1045 2241 1131 2292 con·

140 2318 310 2391 stitutum.
369 2312 437 2411 Qui
459 2316 550 2386 enim
573 2312 703 2405 obligat
727 2310 772 2382 ad
796 2309 934 2401 finem,
976 2314 1131 2390 censetur

140 2436 280 2509 quoque
295 2410 441 2483 eundem
458 2405 620 2505 obligasse
649 2410 689 2479 ad
714 2408 903 2503 usurpanda
928 2412 1061 2503 media,
1088 2414 1130 2486 fr·

137 2511 176 2587 ni
202 2505 394 2584 neccssaria.
455 2508 522 2581 Sed
546 2506 760 2580 &socialem
787 2508 896 2580 viram
922 2532 943 2583 a
963 2511 1043 2585 Deo
1065 2511 1130 2586 ho.-

136 2610 289 2684 minibus
316 2630 379 2703 pro
402 2605 547 2703 imperio
573 2602 763 2699 injunctam
786 2605 875 2693 else,
903 2605 1029 2684 indicio
1054 2610 1132 2704 est„

136 2709 229 2807 qood
252 2708 284 2780 in
307 2704 400 2779 nullo
424 2722 590 2800 praeterea
608 2705 781 2776 animante
801 2704 910 2778 sensus
931 2709 1129 2805 religionis.

136 2829 196 2880 aut
211 2824 320 2878 metus
336 2802 500 2876 Numinis
520 2800 817 2895 deprehendatur,
845 2804 900 2900 qui
924 2806 960 2878 iu
985 2807 1127 2883 animali

136 2905 259 3000 exlege
285 2901 428 2999 intelligi
447 2924 515 2974 non
544 2897 638 2992 posse
664 2900 809 2976 videtur.
870 2904 942 2977 Abs
967 2929 1037 3001 quo
1065 2933 1128 3005 ge-

136 3025 272 3078 neratur
289 3021 384 3074 tener
404 2997 592 3073 admodum
618 2999 726 3072 sensus
745 2998 781 3071 in
804 3001 925 3074 animis
941 3002 1127 3078 hominum

135 3126 209 3177 non
239 3102 338 3198 plane
369 3120 635 3197 corruptorum,
670 3121 739 3196 quo
771 3099 1051 3193 convincuntur,
1091 3105 1129 3179 in

1082 3201 1133 3274 le·

142 3399 311 3447 connumera
330 3392 376 3442 dre.
391 3394 467 3442 ῦιῐιιτι
483 3393 551 3454 suar,
562 3406 619 3453 par·
649 3394 689 3451 iot
707 3391 924 3444 conservationem
946 3391 1063 3453 intendit,
1084 3394 1134 3457 (6)

141 3463 186 3510 rim
202 3457 276 3505 saclle
290 3465 379 3502 attenta
395 3455 551 3506 meditatione
571 3459 619 3506 sol·
650 3462 678 3509 In
698 3459 797 3507 bomine
810 3459 881 3506 datur
897 3457 980 3504 sensus
993 3459 1138 3521 religionis,

138 3524 166 3574 vi
184 3520 287 3580 possunt.
321 3518 439 3566 Turnum.
652 3535 692 3570 aur
714 3535 794 3570 metus
819 3520 934 3569 Nominis
959 3520 1051 3568 Divini.
1092 3525 1132 3572 Ex

171 3586 226 3644 (d)
250 3587 303 3632 cn·
318 3592 405 3629 urm
423 3581 515 3629 lmlnlr
535 3583 571 3627 iu
590 3583 620 3642 fir
651 3586 740 3643 quibas
757 3584 882 3642 sequitur,
899 3583 942 3641 (7)
958 3585 1040 3632 Deum
1054 3598 1130 3644 gene·

139 3646 290 3711 institues}
331 3644 428 3692 Deinde
448 3644 620 3692 demonstratio
651 3649 672 3695 ri
691 3650 796 3696 hnmano
819 3649 910 3705 Legem
926 3647 1067 3696 Naturalern
1087 3651 1130 3697 de·

139 3717 176 3763 hir
200 3713 309 3771 parribus
328 3708 442 3757 constat:
467 3705 511 3765 (1)
537 3707 620 3755 Genua
649 3711 717 3759 disse.
749 3710 1137 3779 Qoeornniasariscerrasuot,

139 3781 270 3825 humanum
291 3775 341 3822 fine
371 3769 475 3829 Legibus
499 3767 620 3817 Naturali·
652 3774 735 3833 quodfi
761 3786 842 3820 ramea
867 3775 1061 3833 propofirionem
1080 3792 1130 3828 ref.

140 3841 207 3897 bos,
223 3838 392 3896 acpraeclpue
410 3832 620 3891 socialirarir,sal-
653 3836 730 3896 clam,
757 3840 904 3893 quartam&
922 3839 1032 3897 quinram
1049 3845 1130 3899 primo

141 3915 201 3951 vum
220 3901 266 3949 else
286 3901 387 3960 nequit,
402 3898 445 3959 (a)
465 3896 578 3945 Hominis
596 3912 620 3946 a·
652 3904 712 3950 loco
726 3903 853 3962 collocet,
872 3900 963 3950 deinde
978 3904 1080 3961 primaru
1100 3909 1129 3957 lit

143 3966 225 4015 nimus
249 3963 391 4023 notionum,
418 3965 466 4010 hnc
485 3960 621 4009 inservien·
654 3966 745 4023 addar,
773 3964 879 4023 denique
899 3965 1031 4014 secundam
1057 3971 1136 4022 sexte.

142 4029 223 4085 rium,
251 4038 328 4085 capax
355 4025 620 4086 deprehenditur,(s)
653 4026 865 4086 conjungamum
880 4029 1133 4083 demonstrarioordl-

141 4096 228 4142 Genus
239 4091 370 4138 homanum
384 4103 398 4137 a
414 4089 471 4136 Deo
487 4089 560 4137 babet
571 4090 621 4138 ori·
653 4104 685 4141 ne
704 4089 811 4151 planiori
834 4091 958 4150 manisque
973 4098 1073 4144 naturali
1089 4100 1134 4148 de·

139 4157 238 4215 gloem,
252 4152 297 4214 (4)
311 4151 360 4202 llic
376 4150 549 4212 quoouelllud
563 4165 622 4210 pro·
656 4167 762 4216 curret,
793 4155 1034 4221 propolidonernqoe
1063 4161 1140 4219 sepil-v

137 4218 255 4275 olomuc
268 4214 312 4275 sue
325 4212 516 4292 completum,
529 4213 575 4284 (ε)
592 4216 625 4272 Β
656 4217 850 4295 pmumldlm
862 4220 994 4278 exuetur.
1011 4223 1138 4353 alprih
