3000 5150
491 439 986 528 Ltn.1.Cin.1V.
1149 459 1282 571 159·
1363 467 1367 475 ·

236 628 433 730 Religionis
452 625 649 715 Naturalis,
674 622 812 718 pracise
837 619 875 697 dt
897 646 961 719 pro
985 625 1137 717 prasenti
1161 591 1220 699 ito
1234 651 1323 707 „anae

238 739 376 809 aninum
408 728 607 801 conditione
646 721 897 808 confideratae,
941 724 1028 794 intra
1061 726 1221 820 sphaeram
1235 716 1380 842 ¹:31⁸}qung

243 835 345 929 hujus
374 827 455 900 vitae
477 820 650 898 terminari
675 818 766 916 (r),
791 819 833 891 ad
857 839 1016 895 aeternam
1042 844 1155 898 autern
1179 825 1363 902 sanatione.

241 933 349 1003 iutetn
383 923 643 997 nanciscendam
667 939 884 1013 nequaquam
909 920 1024 991 valere
1040 920 1115 1015 (s).
1159 924 1240 1000 Ra·-

241 1029 292 1101 tio
317 1023 443 1119 quippe
469 1020 617 1093 humana
640 1014 702 1088 fibi
729 1013 848 1088 reiicit
867 1015 942 1109 jam
968 1016 1123 1111 ignorat,
1155 1046 1231 1117 pra·

240 1123 409 1209 ritatem,
449 1142 526 1212 quae
560 1119 597 1189 in
627 1113 850 1188 facultatibus
884 1111 1233 1194 &inclinationibus

241 1218 392 1294 hominis
414 1218 593 1299 cernitur,
627 1236 688 1309 per
715 1213 853 1305 culpam
886 1211 1073 1286 humanam
1105 1237 1234 1308 prove·

241 1314 346 1406 niffe,
393 1315 528 1409 Deique
552 1311 717 1384 offensam
741 1306 781 1383 ἃ
806 1328 970 1381 aeternum
994 1311 1139 1385 exitium
1163 1335 1235 1387 me·

241 1416 325 1490 reri.
377 1409 556 1507 quue&
580 1406 757 1482 necessitas
783 1406 994 1495 salvatoris,
1021 1410 1163 1507 ejusque
1180 1410 1235 1485 of·

243 1512 366 1587 ficium
387 1507 425 1583 tit
450 1508 629 1594 meritum,
657 1525 724 1578 nec
748 1528 817 1577 non
839 1503 1002 1597 promissa
1028 1507 1096 1581 Dei
1114 1509 1236 1584 huma·

243 1632 295 1685 no
314 1605 432 1706 generi
453 1607 567 1695 sacia,
596 1603 634 1678 dt
652 1624 727 1700 quae
746 1603 811 1676 alia
830 1602 910 1676 inde
922 1605 1138 1700 dependent,
1153 1629 1237 1682 ean·

241 1707 327 1782 dem
348 1706 470 1780 latent:
496 1728 557 1800 per
576 1724 651 1799 quae
679 1698 747 1773 sola
770 1700 909 1773 salutern
935 1724 1099 1780 aeternam
1122 1704 1237 1782 homi·

245 1806 348 1882 nibus
366 1802 552 1897 provenire
580 1824 625 1875 ex
648 1798 775 1873 divinis
798 1798 904 1871 literis
929 1798 1072 1875 constat.

300 1902 426 1998 Opcrae
441 1900 590 1995 pretium
614 1917 721 1995 porro
742 1893 847 1970 fuerit
870 1896 961 1997 (¹³),
993 1900 1097 1997 paulo
1121 1895 1237 1976 distin.
1292 1890 1336 1947 ix·

1188 2002 1194 2013 .
1258 1960 1357 2019 Religio

1149 1998 1350 2085 clausarum-

245 2231 394 2292 reiieionem
416 2231 485 2281 iiluna
509 2230 584 2280 nobis
606 2228 732 2279 reddimus
763 2231 787 2279 ἀ
798 2228 974 2281 misericordie
988 2234 1051 2283 Dat:
1066 2234 1112 2296 (e)
1130 2233 1247 2284 ernenda-

248 2296 402 2357 propitium,
433 2296 484 2342 inro
513 2294 588 2342 vitato
614 2305 732 2340 aternam
764 2293 841 2341 tionis
858 2293 952 2341 sontern
968 2297 991 2343 de
1005 2309 1065 2344 uera
1082 2296 1248 2359 adminicula,

247 2357 443 2415 consequimur,
460 2359 475 2404 tl
492 2356 588 2404 scilicet
601 2358 632 2403 de
646 2358 691 2402 nac
702 2366 732 2400 cr
766 2357 880 2412 adeoque
898 2366 950 2403 non
966 2357 1077 2407 sufficere
1091 2363 1120 2409 ad
1137 2360 1249 2410 salutern.

254 2433 343 2470 natura
357 2419 446 2478 aliquid
462 2418 592 2475 norimus,
606 2430 655 2465 ncc
666 2418 734 2466 liene
763 2419 839 2466 Plura
864 2416 917 2465 vid.
935 2419 960 2467 ia
984 2421 1084 2471 Bunnnl
1098 2423 1250 2484 malms.

249 2486 406 2544 peculiarem
436 2481 580 2541 religionem
605 2478 734 2529 revelavit
763 2492 799 2530 ss.
819 2481 931 2529 andei
948 2486 988 2532 iis.
1005 2489 1045 2533 eir.
1063 2488 1089 2533 s's
1105 2490 1152 2547 edet
1163 2497 1249 2551 purt-

252 2548 357 2597 Vitietnr
372 2546 470 2605 quidem
489 2543 611 2595 dissentire
624 2540 735 2616 atuor,
763 2550 799 2610 git
813 2556 838 2606 p.
855 2554 911 2602 4⁰¹·
919 2545 981 2609 seqq.
1016 2549 1132 2600 sanum.

250 2617 276 2669 §.
292 2615 317 2660 Ι.
330 2614 352 2661 i.
376 2611 416 2660 sed
435 2622 523 2658 revers
542 2621 595 2657 non
614 2607 733 2664 dissentit,
795 2608 872 2671 §.lli
886 2610 1022 2671 Religionis
1044 2613 1172 2675 aemam,
1189 2627 1251 2673 qlia-

249 2687 310 2724 narn
330 2687 399 2734 negat
417 2673 580 2733 poiicriorem
601 2667 734 2730 effessum,
764 2683 838 2720 tenus
861 2672 960 2732 Deum,
981 2687 1008 2724 ut
1024 2675 1165 2735 supremum
1184 2676 1252 2734 iudi-

247 2751 286 2787 est
300 2736 425 2796 hypothes
440 2734 566 2794 religionis
576 2736 692 2783 revelate
704 2744 733 2781 ac
764 2746 820 2784 cern
840 2736 982 2796 proponit,
1006 2750 1059 2789 non
1086 2741 1163 2791 ruodo
1182 2741 1249 2800 apud

249 2801 466 2860 rationicoenitae,
480 2812 527 2856 qua
538 2799 629 2858 poste,
648 2796 731 2854 utique
760 2799 867 2858 gentiles
883 2810 981 2849 veteres
997 2803 1020 2850 dt
1031 2802 1184 2864 hodiernos,
1203 2802 1246 2853 seri

250 2864 338 2924 reissio
352 2865 469 2913 naturalis
483 2860 731 2912 essesiumiaudatunt
759 2861 836 2910 etiam
846 2864 913 2922 saud
923 2875 970 2914 not
981 2866 1015 2914 esi
1025 2865 1099 2928 usus,
1112 2868 1244 2928 postquam

249 2940 304 2978 aton
320 2928 399 2976 hebet.
428 2927 526 2976 Tantus.
760 2922 866 2975 meliora
884 2927 951 2977 sacra
971 2928 1106 2980 Christiana
1129 2932 1245 2980 invalue-

283 2989 333 3050 (r)
348 2989 519 3112 miserie:
549 2988 610 3039 lide
634 2985 730 3048 ossent
758 3001 804 3047 ret
823 3000 875 3038 tuns
888 2992 956 3049 qnod
968 2993 1082 3043 honines
1095 2993 1137 3042 sita
1151 2993 1244 3045 insutis·

250 3067 277 3102 a.
301 3056 326 3101 ia
348 3056 442 3113 Μαι.
491 3087 498 3102 .
524 3053 567 3101 vl.
589 3054 612 3101 dt
642 3049 730 3100 conset
759 3051 851 3102 cientis
862 3054 929 3103 ducit
941 3056 973 3105 ad
988 3060 1080 3106 cultum
1102 3057 1151 3104 Dei
1168 3069 1244 3106 reste·

249 3117 345 3176 ossen.
363 3128 383 3166 t.
396 3121 421 3166 is
439 3119 461 3179 ς.
478 3118 519 3167 ait.
536 3116 644 3178 ceolis.
657 3116 726 3165 caa-
759 3120 856 3171 istumi
872 3128 923 3166 tuna
938 3121 1004 3176 quod
1020 3119 1101 3168 firmat
1113 3117 1246 3168 societates

249 3192 328 3229 antur.
760 3180 896 3237 humanas,
910 3190 960 3228 uin
982 3180 1155 3238 anniversales,
1171 3191 1247 3238 quern

285 3240 459 3304 (enniani.
495 3247 593 3293 Paratus
615 3242 729 3291 Carnum·
761 3240 940 3298 particulares3
959 3244 994 3290 nti
1024 3241 1121 3292 Auster
1143 3243 1244 3299 prolixe

252 3305 382 3352 clusense
394 3307 497 3366 uligine
505 3307 728 3364 marmaissa·
761 3302 801 3352 uic
815 3303 942 3362 declarat,
959 3305 1113 3354 ostendendo
1134 3304 1201 3355 illins
1218 3318 1247 3354 u·

254 3376 349 3412 uranus
373 3367 404 3412 tie
426 3369 564 3417 Cttnrnunr
583 3370 610 3416 ds
626 3369 731 3416 seilisas
762 3365 817 3413 sum
841 3364 891 3422 (a)
915 3365 941 3412 in
965 3366 1077 3414 libertate
1099 3367 1248 3428 naturali‚a

251 3429 370 3490 gestissent
385 3428 558 3488 demente.
572 3432 650 3479 detta
693 3444 730 3479 ee·
762 3438 828 3478 voce
843 3440 915 3483 ms
930 3427 974 3489 (b)
992 3428 1091 3478 iniiatu
1107 3428 1193 3491 cirili,
1214 3443 1247 3481 cx

251 3507 330 3538 ene·
351 3491 475 3539 inculcant
496 3505 551 3539 earo
572 3492 681 3539 sufficere
702 3491 731 3540 ad
763 3502 833 3552 parte
850 3490 1038 3553 imperantium,
1054 3506 1068 3542 a
1083 3505 1147 3544 voce
1160 3505 1247 3554 poem

253 3554 379 3613 salutern,
402 3566 477 3610 nuum
503 3552 543 3614 (a)
567 3553 732 3603 misericordia
764 3553 807 3615 (c)
822 3566 935 3611 exnane
950 3555 1058 3613 cittium,
1076 3568 1247 3619 vocepmrr·

252 3617 301 3665 Dei
322 3619 349 3666 iit
368 3617 569 3676 liliorumque
589 3627 678 3673 preter
693 3629 733 3663 or·
763 3631 806 3666 ee:
837 3616 881 3676 (d)
904 3619 987 3676 quoad
1009 3619 1247 3670 osstcia'irnmanita·

250 3682 339 3729 dinem
354 3679 437 3729 salutis
461 3680 618 3729 ceniiimttm
641 3678 733 3727 saltare
765 3679 843 3737 tis,a
865 3692 930 3731 voce
953 3697 1032 3738 erem
1056 3683 1099 3745 (e)
1121 3696 1152 3731 ex
1173 3696 1245 3743 parte

251 3744 334 3804 posset
354 3743 399 3805 (a)
420 3743 508 3792 notitia
530 3741 675 3792 naturaliter
693 3743 734 3791 ad·
766 3742 880 3801 unionis,
907 3757 961 3802 quae
980 3746 1059 3795 anima
1079 3746 1112 3795 cii
1127 3747 1247 3806 reipubli-

253 3808 337 3866 quisita
363 3807 512 3857 adminicula
544 3804 685 3855 sufficientia
705 3806 734 3852 ad
766 3808 1180 3871 cte,avoceexqae,adfinem.
1200 3811 1246 3873 (n)

255 3869 357 3918 salutern
377 3871 506 3933 prostrat,
532 3881 623 3928 nempe
647 3869 733 3926 poeni·
766 3871 793 3917 in
806 3871 879 3927 gradu
894 3882 975 3919 autem
996 3873 1136 3922 sublimiore
1152 3876 1204 3922 iaec
1215 3891 1245 3925 o-

254 3931 368 3980 tentiam:
381 3933 425 3998 (3)
439 3936 525 3984 diversi
542 3937 586 3983 sint
608 3931 733 3980 hominum
766 3933 832 3982 tnnin
854 3934 960 3983 inculcat
975 3937 1069 3995 religio
1094 3937 1246 3998 Christiana,

255 3999 345 4053 gradus
358 3997 380 4042 dt
397 3999 495 4046 ordines
508 3999 533 4045 in
553 3995 639 4046 notitia
657 4001 686 4043 ad
698 3997 734 4043 ss·
766 3994 837 4050 cuius
857 3999 1029 4048 excellentiam
1049 4013 1099 4061 prae
1118 4001 1245 4059 gentilium

256 4059 336 4106 iurem
352 4058 397 4107 stc.
429 4062 474 4107 sed
498 4072 590 4109 certum
607 4059 655 4117 eil,
676 4058 734 4106 reli·
765 4060 866 4120 iniqua,
881 4061 983 4111 absurda
1002 4065 1187 4123 &hypocritiae
1206 4082 1245 4117 re-

256 4120 355 4178 aionem
374 4125 509 4170 naturalem
525 4122 671 4180 nescireo)
682 4123 735 4171 sun·
766 4121 881 4185 lieiooe,
903 4138 936 4173 est
964 4127 1097 4185 prestantia
1122 4127 1246 4192 melliti,

251 4187 396 4237 danentutn
411 4184 508 4248 salutis,
530 4183 737 4239 reconcilationis
765 4184 894 4241 sinclitate
902 4202 1102 4257 preceptorum,
1117 4198 1244 4264 excelten-

1212 4266 1246 4305 tir
