3000 5150
507 434 628 508 Lrn.
671 434 699 507 1.
766 431 959 511 Crini.
1176 460 1225 533 47

242 634 318 708 quo
341 632 409 682 non
437 606 500 681 filit
516 605 683 682 obeunda
712 610 848 705 negotia
875 608 982 706 magis
1013 608 1225 701 necessaria,

248 708 412 803 quodque
433 708 512 780 item
537 707 638 795 aliis,
673 706 729 801 qui
754 708 795 778 ad
812 705 980 780 ansonem
995 730 1225 798 concurrunt,

248 807 292 879 sit
307 824 539 901 opportunum
549 828 563 896 3
590 823 625 875 ut
641 803 790 899 denique
808 807 972 878 naturales
995 809 1114 903 agendi
1131 810 1226 881 vires

250 905 440 1000 suppetant.
499 903 591 974 Citra
619 899 736 973 illlraec
761 902 853 975 enim
873 923 952 976 cum
969 902 1059 975 allio
1075 904 1147 977 lieri
1166 929 1228 979 ne·

225 1024 380 1097 ·queat‚
416 999 524 1072 etiam
551 999 727 1072 absurdum
752 998 886 1089 fuerit,
924 998 949 1072 st
974 1002 1229 1096 alicuiimpute·

250 1120 327 1190 tur,
354 1100 397 1171 ad
417 1098 509 1191 quod
530 1096 698 1193 agendum
722 1094 859 1169 occasio
884 1094 1007 1172 defuit.
1057 1098 1111 1171 sic
1126 1101 1232 1174 medi·

247 1219 311 1269 cus
339 1196 489 1289 segniriae
511 1218 580 1267 non
603 1191 716 1287 potest
745 1193 871 1363 erpui,
907 1193 1058 1268 sinemo
1080 1213 1231 1292 aegrotet.

250 1296 312 1366 Sic
334 1293 462 1366 liberali
485 1289 552 1365 elle
578 1314 647 1364 non
673 1313 783 1363 conce
808 1291 893 1379 itur,
911 1295 988 1387 ·qui
1007 1292 1076 1388 ipse
1092 1294 1233 1390 indiget.

252 1392 313 1462 Sic
332 1392 491 1463 talentum
511 1389 606 1462 suum
623 1386 784 1461 defodisse
801 1388 898 1487 argui
917 1391 1060 1484 nequit,
1085 1392 1143 1464 cui
1173 1390 1235 1464 rite

251 1488 413 1560 ambienti
433 1485 533 1558 statio
558 1488 723 1581 denegata
747 1484 820 1558 fuit.
868 1486 912 1560 Et
931 1489 987 1561 cui
1010 1490 1153 1560 multum
1175 1490 1237 1560 da·

253 1603 325 1655 tum
342 1581 431 1671 fuit,
459 1586 502 1657 ab
526 1607 570 1657 eo
597 1588 740 1656 multum
764 1602 946 1677 repetetur.
997 1584 1054 1658 Sic
1068 1610 1138 1662 uon
1153 1609 1235 1683 pos·
1302 1615 1306 1627 ¹

252 1683 366 1756 sumus
383 1679 480 1755 fimul
500 1681 636 1756 sorbere
652 1680 690 1754 cit
706 1678 803 1754 llere.

470 1872 1017 1975 tmuummpm.

286 2325 309 2385 ς.
321 2323 405 2373 Xilill.
421 2323 521 2373 Nemini
531 2324 680 2381 imputantur
690 2323 735 2384 (r)
767 2323 828 2369 dere
838 2319 920 2376 debit,
930 2321 946 2367 i.
960 2331 999 2377 ας.
1013 2323 1035 2384 ς.
1049 2324 1073 2369 n.
1088 2322 1120 2368 i).
1130 2322 1243 2375 desim

255 2386 394 2445 onuphrio,
411 2385 737 2447 qurefiunt,1icermaalme
763 2388 833 2444 petit.
846 2387 860 2430 i.
877 2395 915 2438 27·
930 2383 951 2443 §.
969 2395 992 2438 3.
1009 2387 1039 2432 D.
1051 2386 1146 2434 solist.
1159 2388 1176 2434 s.
1188 2399 1241 2443 ιιι.

255 2452 432 2505 nolitepum,
449 2461 504 2506 que
524 2448 628 2496 veniunt
639 2461 669 2495 ex
682 2461 736 2495 cau·
768 2447 801 2493 D.
814 2445 841 2493 de
856 2446 930 2516 R3J.
972 2446 1013 2507 (³)
1037 2447 1151 2495 Ridicule
1179 2462 1243 2499 vern

253 2514 283 2560 fis
298 2512 420 2570 physicis,
433 2524 458 2560 ut
472 2523 561 2559 utum
573 2514 634 2558 nala
650 2511 736 2558 Tacito
767 2508 870 2556 Cleonis
884 2507 973 2563 Juuicia
996 2510 1159 2557 reddebantur
1172 2510 1197 2559 in
1212 2514 1242 2561 ii-

253 2573 319 2623 dicia
338 2576 379 2622 iv.
394 2575 450 2629 liiii.
469 2590 487 2620 e.
504 2587 543 2631 74.
559 2579 643 2620 velex
659 2573 682 2620 vi
699 2575 734 2621 ds-
764 2572 821 2631 ios,
847 2568 934 2628 quium
964 2570 1073 2631 delegere
1100 2585 1152 2621 erat
1179 2587 1241 2627 cura

253 2639 310 2685 vina
331 2638 499 2695 tempestatum
518 2638 540 2683 dr
554 2636 701 2693 fulminum,
714 2637 731 2683 s.
763 2634 911 2693 tempestarii
927 2636 1104 2694 providende:
1121 2639 1187 2694 quod
1197 2653 1243 2688 ne-

249 2713 289 2755 as.
308 2700 330 2761 ς.
349 2702 403 2750 oi.
421 2711 460 2759 ⁵9·
480 2700 513 2746 D.
535 2700 622 2746 mari.
653 2699 731 2746 'Hine
760 2698 875 2756 alisontia
900 2709 985 2746 corum
1012 2699 1093 2746 viuere
1126 2703 1241 2760 vapulas-

248 2764 375 2819 neusratdo
397 2761 461 2810 sesto
481 2764 575 2809 nullum
596 2760 636 2817 jus
658 2763 730 2810 haber
762 2760 882 2820 scot,aut
897 2760 989 2820 segetes
1001 2761 1242 2820 procidissentecre·

248 2823 324 2875 ntem
338 2827 363 2873 in
379 2825 459 2873 aliena
478 2825 633 2881 calamitate,
657 2837 683 2872 ur
699 2826 730 2872 de
762 2824 943 2883 debentem,
959 2826 1024 2882 signo
1043 2825 1136 2874 abillis
1151 2826 1242 2877 sutura

248 2902 277 2937 re
294 2901 343 2937 tam
366 2886 475 2937 luctuosa
496 2889 672 2943 compendium
692 2887 729 2935 se·
759 2887 881 2946 grandinis
898 2886 1093 2947 speculatoribus
1106 2889 1187 2951 dero,
1213 2903 1240 2940 ut

248 2950 343 3010 cietur,
363 2954 380 3001 i.
402 2965 422 3000 ι.
439 2951 504 2999 Μ
522 2951 639 3014 Νιψις.
672 2951 729 2999 lilia
759 2951 1241 3010 aliusegnum,iiiuspu11umimmoia-

249 3018 354 3074 puicbra
370 3016 484 3073 exempla
505 3015 573 3061 dubit
591 3017 683 3062 Cicero
696 3014 728 3063 Π.
758 3025 811 3072 ret,
824 3013 947 3070 'prounus
961 3016 1055 3073 nubes,
1073 3026 1131 3061 cum
1146 3015 1239 3074 aliquid

250 3079 278 3126 aa
288 3078 377 3127 luunt.
393 3094 412 3127 c.
430 3091 457 3134 ³¹
470 3111 478 3132 ‚
493 3089 530 3133 sa.
550 3078 573 3125 br
587 3092 612 3125 v.
628 3079 673 3140 lp.
689 3090 727 3134 ¹7·
757 3075 882 3133 gustassent
896 3075 1031 3136 sanguinis,
1047 3077 1241 3125 aliodeclinam·

250 3140 297 3199 (a)
322 3141 391 3188 Nulli
414 3142 484 3189 ctiam
508 3141 642 3198 preliandi
673 3140 728 3189 sunt
758 3139 1240 3197 rassuisse,tmdeutesenecarvssvae.

251 3202 407 3263 inpoffiiiila,
422 3216 492 3261 quae,
508 3204 566 3250 iicet
583 3205 638 3262 quis
650 3204 727 3251 moxi·
756 3199 833 3264 quali.
845 3216 866 3246 c.
879 3200 904 3257 6,
918 3213 942 3257 7.
974 3201 1018 3262 (4)
1034 3203 1124 3258 Neque
1138 3214 1240 3259 praeter·

253 3278 294 3311 ine
308 3268 384 3321 velit,
398 3278 447 3313 non
464 3265 539 3320 liunt;
553 3278 616 3325 nec,
634 3267 650 3314 st
668 3279 727 3324 pro·
759 3265 852 3311 eundus
877 3263 911 3308 esi
936 3275 991 3311 mos
1022 3263 1242 3323 Burgundionum,

254 3326 336 3386 missa,
350 3327 433 3373 utilem
451 3326 569 3374 actionem
584 3328 694 3386 pariunt,
709 3332 727 3378 1.
759 3329 802 3382 qul
828 3327 923 3382 Regem
951 3326 1044 3384 suum,
1071 3327 1181 3373 Heudiuor
1205 3327 1241 3374 til-

255 3401 296 3445 sr.
312 3392 328 3436 1.
345 3391 398 3440 185.
415 3391 445 3436 D.
464 3390 490 3436 se
510 3392 542 3436 R.
562 3390 590 3452 J.
606 3391 664 3448 quia
682 3404 728 3437 vo·
759 3387 840 3444 cium,
857 3387 1053 3447 submovebam,
1070 3389 1085 3434 ii
1102 3386 1199 3436 sortuoa
1210 3391 1241 3436 ti·

253 3454 337 3500 luntas
357 3449 455 3499 delicit.
469 3454 484 3498 l.
501 3462 540 3505 31.
554 3454 587 3499 D.
599 3453 626 3500 de
639 3456 692 3502 obl.
706 3454 731 3502 Β
762 3447 886 3500 tubaverit
907 3449 982 3508 beili,
1006 3452 1047 3495 vel
1069 3448 1176 3507 segetum
1198 3464 1242 3501 co·

252 3519 300 3565 asi.
322 3510 479 3572 &dipsitiiiun
493 3514 570 3574 flatilis
593 3514 624 3572 uls
650 3519 732 3576 unia,
761 3515 828 3572 piam
843 3522 908 3559 terra
922 3511 1060 3570 negaverit,
1073 3510 1245 3562 aridioreslm·

251 3577 330 3626 utun
350 3576 552 3624 Tertullianus.
576 3588 600 3622 a.
620 3578 652 3624 ad
669 3593 732 3626 uxor.
762 3577 846 3624 miano
868 3574 1017 3622 lilarceliino
1040 3574 1147 3622 xxviii.
1172 3592 1192 3623 e.
1216 3589 1243 3633 ς.

250 3643 301 3691 Nisi
317 3640 375 3699 quis
393 3638 473 3686 sciens
491 3650 543 3685 reru
565 3637 732 3694 impatibilem
761 3640 790 3686 in
811 3634 944 3684 Mexicaua
964 3648 1063 3694 quoque
1085 3638 1189 3696 Lopezii
1206 3641 1243 3689 ui·

249 3705 371 3761 ignoremi
390 3700 549 3760 promiserit,
573 3702 733 3755 urntcbyni·
763 3701 837 3749 storia
861 3698 965 3761 regiam,
988 3711 1082 3748 morem
1107 3701 1191 3759 fuisse,
1212 3716 1240 3754 nt

252 3768 304 3827 tea,
321 3767 363 3825 qui
381 3764 520 3822 Principem
536 3763 638 3821 decipit.
654 3763 700 3811 vid.
714 3767 732 3814 1.
763 3764 819 3811 Rex
839 3762 1016 3812 consecrandus
1033 3761 1128 3820 iuraret
1149 3766 1173 3812 in
1186 3768 1240 3815 baec

245 3827 732 3941 ri·tinfirstnttmllt:
755 3825 1237 3951 pinsiturs‘tztit‘ti:

255 3955 286 4002 tit
310 3954 358 4001 sue
376 3954 472 4009 negotio
503 3953 528 4000 se
551 3953 729 4015 immiscuerit,
756 3954 877 4014 planant,
907 3954 955 4000 riui
977 3967 1094 4002 currum
1120 3955 1146 4004 θ
1170 3969 1235 4004 terra

254 4028 298 4064 eut
310 4020 381 4074 eulpa
394 4015 435 4063 sua
449 4016 513 4063 uitet
532 4015 659 4072 praeilaudi
672 4029 727 4071 pet·
754 4015 886 4076 praecem
901 4031 961 4063 uu
976 4032 1044 4077 gem
1058 4019 1161 4079 finan.
1192 4019 1236 4080 (⁵)

249 4080 356 4137 diderit,
383 4090 409 4125 ut
439 4077 568 4128 malitiosus
593 4078 726 4141 decoslor,
759 4076 911 4138 Austorop.
927 4080 991 4139 May.
1016 4083 1235 4146 1.e.5‚§.6,id

249 4143 325 4195 ariica
344 4140 441 4204 curru,
462 4143 503 4194 vel
522 4141 564 4204 qul
581 4144 643 4195 dolo
656 4143 725 4205 poss·
757 4141 858 4193 ouium
872 4152 959 4195 vocet:
975 4154 1057 4206 neque
1071 4148 1154 4211 enin,
1168 4145 1238 4205 quod

1174 4218 1237 4258 ven·
