3000 5150
407 465 958 545 sarcasmum
1005 456 1234 568 III.,175
1296 441 1298 443 ,

247 671 300 727 cas
317 644 400 744 usui,
426 650 475 719 cui
485 643 563 743 sunt
581 642 760 740 destinata,
775 641 980 735 subtrahere,
1007 670 1043 720 ac
1059 649 1102 720 od
1114 651 1232 748 ineptos

249 746 293 833 {i
306 744 484 842 superfluos
501 742 571 840 usus
589 744 715 837 prodige
729 740 911 834 consumere.

298 845 379 917 Vll.
407 844 460 914 lid
475 843 712 914 vocamus
734 837 1024 934 porrosenſsbilcs,
1053 864 1117 938 pua
1138 849 1235 919 etiam

248 938 419 1016 Hominum
455 943 624 1033 appetitum
641 936 747 1031 solent
778 939 923 1026 allicere,
964 944 1059 1033 iisque
1094 942 1237 1036 oppofitos

246 1042 419 1123 Dolores,
442 1039 520 1131 puod
539 1040 680 1121 attinet,
707 1037 837 1107 Dolores
862 1060 920 1109 nou
941 1036 1116 1131 neeefflrrii,
1142 1066 1237 1133 quon·
1307 1113 1310 1118 ,

249 1157 316 1213 turn
330 1136 407 1232 ficri
420 1134 536 1229 ponii,
553 1134 631 1229 sunt
640 1134 813 1228 fugiendi,
838 1149 939 1228 utpote
956 1141 1008 1228 qui
1019 1191 1028 1217 ,
1049 1131 1091 1216 ὃ
1106 1142 1238 1230 corporis

249 1238 367 1311 rciiam
392 1236 587 1328 temperiem,
618 1236 724 1325 aliqua
745 1229 865 1326 saltem
897 1237 928 1303 in
950 1249 1068 1326 parte,
1104 1237 1238 1326 ladunt,

250 1331 295 1417 ὅ
327 1334 439 1404 mentis
471 1334 672 1423 capacitatem
697 1345 901 1423 occupantes,
940 1334 1017 1402 hanc
1050 1333 1092 1402 ad
1113 1354 1240 1404 munera

247 1436 316 1526 ejus
337 1431 471 1501 obeunda
490 1431 591 1499 rninus
616 1429 748 1498 labilem
770 1429 931 1500 reddunt:
956 1432 1018 1501 imo
1040 1427 1241 1525 objciiasen·

240 1528 333 1625 fibus
358 1541 483 1621 grato,
520 1526 562 1595 ad
584 1527 717 1618 aliquem
732 1524 849 1621 saltem
879 1529 1035 1619 gradum,
1064 1526 1143 1621 sunt
1168 1551 1239 1598 am·

242 1628 425 1723 plciiendo3
460 1627 523 1696 hac
546 1625 627 1694 enirn
652 1624 766 1695 modice
792 1621 960 1717 usurpata,
987 1642 1051 1695 turn
1078 1628 1121 1694 ad
1136 1645 1239 1719 corpo·

247 1726 293 1798 rt‘s
309 1721 517 1817 sanitatem,
552 1736 616 1792 tum
647 1722 689 1790 ad
717 1718 809 1815 ipſsus
837 1725 947 1792 mentis
972 1726 1004 1793 in
1019 1722 1240 1816 snuiiionibus

245 1824 313 1918 ejus
334 1821 478 1891 obeundis
496 1820 715 1906 alacritatem,
742 1819 929 1891 conducunt:
953 1844 1010 1892 non
1038 1837 1142 1892 tamen
1160 1821 1239 1891 deli·

245 1916 408 2015 catifflma
430 1916 579 2011 Sensuum
600 1919 779 2011 Voluptates
796 1915 873 2010 sunt
895 1920 1110 2011 exquirenda,
1136 1934 1239 2011 utpote

245 2040 337 2112 pua,
361 2011 403 2097 ὅ)
428 2019 563 2111 Corporis
583 2013 669 2110 sape
694 2019 773 2086 uires
798 2016 1041 2110 labefaiiantes,
1068 2012 1110 2095 Β
1128 2019 1237 2086 Animi

244 2117 382 2209 uigorem
400 2123 622 2209 opprimentes,
659 2115 809 2183 hominem
833 2111 978 2205 adsocia
1003 2117 1118 2206 quavis
1144 2134 1238 2204 nego·

242 2215 290 2285 tia
317 2214 483 2282 traiionda
504 2212 625 2281 reddere
638 2208 742 2303 solent
764 2210 902 2279 inutilem
922 2234 934 2294 ς
967 2227 1085 2303 tempus
1113 2208 1237 2303 insuper

241 2309 420 2383 melioribus
445 2304 545 2398 ufiius
570 2307 756 2402 destinatum
769 2303 995 2400 suffurantur3
1028 2330 1083 2376 nec
1105 2329 1161 2375 non
1189 2330 1236 2377 rc·

243 2429 315 2483 rum
330 2422 533 2476 externorum
554 2420 760 2497 apparatum,
787 2405 944 2474 advitam
962 2405 1112 2475 commode
1137 2428 1236 2498 agen·

242 2507 317 2580 dant
345 2500 567 2598 necefforlum,
598 2503 773 2596 plerumque
797 2498 1005 2589 consumunt,·
1037 2517 1127 2595 atque
1150 2504 1235 2577 alios

243 2627 303 2677 non
332 2626 405 2674 raro
426 2625 495 2674 curn
512 2597 705 2695 deliilosunt
722 2603 899 2693 conjunlia.
951 2601 1040 2671 Sicut
1064 2605 1163 2695 igitur
1180 2623 1234 2673 ve·

232 2700 337 2799 sauia
355 2705 532 2796 proximum
544 2698 677 2793 fucrit,
705 2699 817 2770 dolores
845 2721 904 2768 non
927 2697 1107 2793 ueceffarios
1132 2694 1235 2793 arces·

231 2799 324 2896 sctc‚·
350 2803 396 2870 ita
403 2797 562 2895 sapientis
587 2797 653 2896 cst,
679 2798 849 2889 uoluptates
857 2795 1023 2890 senstlsiles
1050 2799 1164 2868 modice
1181 2815 1236 2890 po·

240 2901 302 2971 tius
325 2899 477 2986 delibare,
514 2922 603 2993 quarn
623 2899 747 2992 penitus
767 2897 941 2987 deglutire:
964 2895 1139 2991 prasertim
1160 2918 1234 2968 uero

241 2998 426 3083 cauendum,
459 3019 497 3068 ne
528 3019 620 3092 quom
655 2997 826 3090 uoluptatis
846 2994 940 3092 causa
967 2992 1064 3088 officii
1088 2995 1235 3065 violatio·

238 3117 306 3166 nem
328 3095 543 3166 admittamus.

291 3191 389 3263 Vlll.
417 3194 469 3263 Ad
488 3195 598 3263 Animi
612 3193 770 3264 culturam
796 3195 950 3284 pertinere
969 3188 1108 3283 insuper,
1132 3185 1235 3280 supra

240 3290 431 3375 monuimus,
464 3304 496 3359 ut
522 3289 742 3363 Arracruus
768 3305 950 3358 montanus
976 3303 1234 3357 ussurscumus:

241 3383 291 3453 Hi
312 3386 410 3466 cuim,
437 3382 637 3473 fiRationis
651 3386 795 3481 fratrum
828 3385 1044 3469 excrementis,
1080 3383 1235 3452 immodici

242 3497 299 3553 aut
316 3481 485 3552 inordinati
500 3482 647 3576 fuerint,
674 3504 741 3554 tum
763 3486 872 3555 Animi
889 3496 954 3551 tum
982 3481 1121 3573 Corporis
1145 3482 1235 3572 vigo·

241 3602 305 3652 tcsn
321 3574 523 3675 profligant,
560 3580 685 3673 Judicii
702 3585 799 3651 aciem
824 3580 1026 3663 obnubilant,
1051 3573 1093 3659 [d
1118 3578 1161 3648 ad
1184 3581 1235 3648 in·
1358 3670 1365 3693 x

241 3701 387 3750 numeras
404 3679 443 3748 alr
463 3673 562 3773 officio
584 3680 776 3750 deviationes
792 3681 966 3772 praecipites
997 3693 1107 3771 agunt.
1140 3728 1143 3736 ·
1172 3676 1234 3747 Vc·

240 3799 310 3848 rum
326 3778 374 3847 hic
398 3778 441 3848 ad
456 3779 646 3873 specialiora
669 3773 841 3865 descendere
863 3795 958 3869 opere
969 3772 1233 3869 pretiumfuerit.

291 3874 349 3947 lX.
377 3875 543 3950 Amorem
572 3871 615 3958 {i
641 3874 759 3946 odium
793 3877 928 3946 omnium
964 3872 1145 3969 Affeiiuam
1174 3871 1232 3968 ff

232 3970 362 4067 fontes,
387 3973 534 4070 esluulgo
557 3991 688 4047 notum:
723 3974 764 4045 ab
790 3976 897 4044 horum
919 3975 1019 4067 igitur
1045 3976 1129 4046 ceila
1152 3987 1232 4045 tern-

236 4074 342 4172 pcrie,
367 4075 501 4151 omrrium
519 4072 702 4171 Affiliuum
723 4073 914 4152 moderamen
931 4073 1053 4168 pendet.
1102 4073 1231 4152 Amoris

1157 4190 1234 4247 mro
