3000 5150
242 497 264 572 3
402 477 604 551 Gom.
642 469 759 544 Sint.
803 467 1069 553 Tarum

242 653 287 730 lia
310 652 384 727 sunt
407 650 445 726 dt
460 642 601 750 jejuna,
628 647 831 725 soliditatem
858 646 958 747 hujus
978 653 1146 736 doetrinae
1170 685 1231 759 pa·

239 776 318 827 rum
331 772 502 847 juvantia.

294 844 413 953 Quu'nr
440 852 552 946 itaque
575 872 638 946 pro
662 845 790 937 studii,
833 846 925 943 quod
948 850 1137 947 profiteor,
1178 883 1233 933 ra.

244 950 339 1025 tione
374 949 563 1046 injunstum
587 947 671 1021 mibi
697 946 780 1022 esset
796 944 879 1038 juris
904 952 1066 1026 naturalis
1087 958 1233 1053 dogma·

244 1069 279 1124 ta
302 1071 509 1141 exponere3
548 1068 687 1121 ornnem
718 1048 801 1119 mihi
828 1047 1021 1118 navandam
1051 1050 1119 1128 effe
1148 1080 1232 1151 ope.

244 1172 318 1221 tarn
340 1147 524 1240 judicavi,
567 1168 604 1218 ur
630 1143 850 1240 praejudicia,
889 1160 965 1238 quae
986 1150 1079 1225 circa
1110 1155 1234 1228 eadem

245 1247 328 1318 oriri
352 1246 485 1334 solent,
519 1264 760 1329 removerem,
795 1239 925 1336 justum
953 1245 996 1316 ab
1027 1250 1170 1325 honesto
1195 1252 1234 1325 ἀ

246 1346 375 1419 decoro
396 1346 630 1431 secernerem,
669 1340 705 1412 in
729 1342 958 1413 recentiorum
983 1341 1162 1423 sententias
1194 1349 1234 1424 δι

248 1443 394 1517 thesium
423 1443 602 1515 veritatem
626 1440 853 1536 inquirerem,
881 1440 1069 1519 rationibus
1096 1471 1160 1542 pro
1181 1450 1235 1521 vi·

247 1544 299 1615 rili
336 1542 452 1614 omnia
488 1540 644 1613 suscitem
682 1537 719 1611 dc
761 1539 993 1630 explicatiora·
1023 1546 1236 1619 auditoribus

246 1640 334 1713 meis
360 1639 574 1713 exhiberem.
624 1636 708 1710 Inde
731 1654 844 1710 enatae
863 1640 958 1725 sunt,
998 1641 1145 1717 Lecton
1170 1644 1237 1718 Ba·

246 1758 408 1827 nivosa,
461 1761 519 1809 uns
540 1735 655 1823 vides,
681 1734 943 1811 adnotationes:
977 1741 1098 1830 quibus
1127 1740 1150 1813 sr
1175 1741 1236 1813 ali·

247 1860 318 1935 quo
350 1838 411 1909 tibi
437 1762 545 1908 tiuero
574 1835 812 1907 emolumento
854 1835 1045 1932 persuasum
1079 1840 1235 1929 habeas,

249 1957 309 2017 me
340 1955 504 2008 votorum
535 1954 692 2008 meorum
725 1929 833 2006 finem
870 1935 1006 2029 prorsus
1046 1935 1114 2012 esse
1145 1937 1236 2012 adse·
1316 2012 1329 2037 ,

248 2054 380 2108 cutum.

300 2131 353 2207 Ex
383 2131 461 2204 Viri
486 2129 613 2205 doctiss
637 2129 796 2205 Wusant
820 2130 969 2206 editione
998 2134 1122 2227 partim
1152 2158 1239 2228 pau.

248 2233 325 2305 cuia
354 2230 585 2304 additamenta
611 2230 720 2303 textui
747 2226 916 2322 inspersu,
945 2233 1067 2324 partim
1091 2232 1238 2307 summa.

249 2332 299 2405 ria
326 2330 494 2423 capitibus
528 2325 697 2421 praernissa
721 2325 887 2403 adhibui:
928 2350 1003 2400 turn
1038 2354 1081 2403 ne
1112 2332 1240 2427 aliquid

248 2430 358 2503 textui
392 2426 502 2501 deesse
528 2428 707 2512 videatur,
741 2427 833 2521 quod
860 2425 1042 2501 Wnrrnus
1072 2426 1241 2504 sufficien-

247 2528 338 2600 tibus
368 2524 487 2596 cauffis
521 2522 714 2608 addudius‚
753 2520 793 2594 dt
816 2523 896 2616 post
926 2549 1006 2598 turn
1037 2526 1243 2606 Prouusrt·

248 2645 385 2697 cntnus
416 2622 454 2695 dt
480 2623 730 2692 Bsnrnnnncus
767 2618 830 2691 suis
858 2621 1063 2697 editionibus
1093 2626 1246 2704 inserue·‘

248 2743 346 2795 runt:
379 2741 452 2793 tum
476 2738 513 2788 ut
534 2716 643 2790 ledior
666 2740 727 2813 per
755 2715 886 2790 summa
909 2742 1152 2797 contentorum
1181 2750 1239 2799 cn·

249 2823 321 2916 pita
360 2818 393 2889 in
438 2815 584 2888 sessione
615 2838 659 2888 eo
697 2818 914 2891 commodius
945 2821 1134 2913 adjuvetur.
1201 2825 1240 2898 ln

247 2916 404 3012 margine
421 2913 528 2986 citavi
556 2936 643 3008 opus
660 2913 903 2990 Purunnonru
930 2919 966 2989 de
992 2919 1031 3013 J.
1059 2925 1102 2992 N.
1129 2918 1172 3005 Θ
1200 2925 1241 3000 G.

251 3038 289 3087 ut
310 3037 355 3087 ex
377 3035 421 3084 eo
456 3032 630 3108 tamquam
657 3012 771 3085 indice
797 3035 935 3106 pateat,
969 3040 1038 3112 quo
1064 3020 1144 3091 loco
1171 3023 1240 3096 Pu·

248 3132 467 3186 aanuonsrus
503 3111 538 3182 in
568 3131 673 3206 opere
710 3111 831 3204 majori
865 3115 1022 3187 eamdem
1063 3122 1242 3190 materiam

249 3213 384 3286 uberius
418 3205 700 3304 pertrasiaverit:
742 3232 810 3306 qua
842 3211 876 3284 in
908 3235 946 3285 re
977 3214 1241 3291 Bnnsurnrcuu

250 3310 356 3385 habui
381 3329 607 3404 praeeuntem.
1178 3337 1180 3342 ’

254 3476 258 3487 ,
299 3408 404 3510 Quod
419 3409 585 3494 residuum
605 3403 682 3495 est,
708 3431 753 3481 eo
776 3408 893 3482 animo
916 3410 1032 3486 omnia
1057 3413 1114 3486 hic
1137 3437 1156 3486 a
1183 3437 1244 3489 nte

248 3505 426 3603 proposita
450 3505 516 3580 eise
550 3529 698 3594 moneo,
734 3527 794 3592 ut,
835 3505 859 3576 sr
891 3510 970 3601 quid
994 3512 1113 3584 meiius
1137 3513 1238 3586 inve·

248 3608 359 3690 niam,
393 3605 450 3678 vel
474 3604 629 3678 censores
652 3605 797 3679 modesti
822 3607 956 3680 veriora
984 3609 1240 3700 demonstrent,

251 3727 314 3791 ea,
333 3725 435 3798 quarn
457 3702 683 3776 lubentissime
708 3704 768 3777 srm
794 3708 1067 3800 amplexaturns,
1102 3709 1159 3804 qui
1181 3734 1242 3780 ne·

250 3801 375 3898 quein
406 3800 537 3884 aliens,
577 3804 687 3896 neque'
715 3804 750 3875 in
775 3805 903 3876 suamet
929 3811 1034 3878 verba
1055 3808 1241 3900 jurandum

249 3898 315 3975 esse
340 3919 442 3989 putu,
469 3899 735 3993 sententiamque
760 3903 926 3974 Gennnnr
949 3903 991 3971 de
1008 3903 1122 3975 Vrtms
1146 3904 1237 3999 Prof.

252 3997 421 4094 Uritano.
448 3999 480 4070 in
500 3995 630 4096 profer.
656 3998 691 4073 de
718 4015 808 4074 tetur.
830 4003 1017 4092 pueurrtutos.
1043 4024 1156 4077 meam
1180 4028 1241 4094 pe·

252 4127 296 4167 t...
1146 4123 1239 4178 nitus
