3000 5150
459 489 1052 578 AUCTORIS.
1227 519 1254 575 v

258 665 469 762 sciplinam,
505 668 767 765 praesupponit:
811 668 859 742 ita
887 668 1017 769 liquid
1039 674 1120 769 Jure
1144 675 1247 751 Civili
1306 697 1310 703 '

258 767 481 857 continetur,
508 768 648 861 dequo
672 767 731 861 Jus
758 765 925 840 Naturale
949 770 1041 855 filet,
1067 795 1137 845 non
1167 774 1247 848 ideo
1357 794 1362 803 '

257 866 333 939 hoc
356 868 621 964 illi'repugnare
644 865 851 939 censendum
867 864 927 939 est.
973 869 1079 942 Simili
1102 871 1245 945 modost

255 969 293 1044 in
313 965 511 1063 Theologia
536 963 662 1038 Murali
687 964 800 1059 aliqua
824 963 1013 1053 tradantur,
1049 989 1093 1040 ex
1115 971 1246 1043 revela·

257 1066 356 1139 tione
369 1065 491 1139 divina
512 1059 734 1158 profluentia,
769 1060 811 1133 ad
838 1083 915 1156 quae
937 1063 1025 1135 ratio
1043 1063 1154 1139 nostra
1173 1069 1245 1158 jam

255 1186 328 1235 non
347 1163 530 1257 pertingit,
556 1184 696 1257 quaeque
718 1160 806 1233 adeo
825 1156 863 1231 ἃ
882 1159 941 1253 Jus
960 1161 1128 1235 Naturale
1148 1162 1248 1259 igno·

256 1282 333 1346 ταῖς
360 1260 557 1355 imperitum
583 1260 683 1331 valde
706 1257 816 1346 foret,
844 1257 935 1349 ,ideo
957 1260 1049 1332 illam
1076 1262 1247 1333 cumbae
1362 1313 1365 1318 -

255 1358 504 1447 committere,
543 1378 601 1432 aur
628 1354 890 1452 repugnantiam
919 1356 1068 1453 aliquam
1102 1357 1247 1434 illarum

254 1457 504 1551 disciplinarum
536 1453 713 1529 somniare.
783 1452 874 1526 Vice
892 1455 1014 1544 versa,
1041 1453 1074 1527 fi
1105 1477 1181 1553 quae
1208 1458 1243 1535 in

254 1555 431 1648 disciplina
455 1555 542 1647 Juris
571 1551 750 1625 Naturalis
780 1552 1084 1648 praesupponantur
1106 1577 1152 1628 ex
1174 1577 1244 1645 eo,
1277 1587 1279 1592 ·

223 1705 232 1730 r
254 1657 426 1824 φέρει
446 1654 617 1728 rationem
641 1648 837 1746 investigari
853 1649 987 1742 potest3
1014 1651 1070 1726 illa
1086 1657 1242 1748 psopter·
1272 1711 1275 1719 1

254 1777 296 1825 ea

365 1754 609 1846 ,quaeSacrae
626 1750 748 1821 Literae
773 1749 1059 1841 supercadente
1084 1752 1240 1846 liquidius
1331 1777 1334 1784 ·
1390 1773 1395 1781 ·

255 1852 409 1936 tradunt,
436 1870 648 1945 nequaquam
665 1867 905 1942 opponuntur,
932 1847 987 1919 sed
1005 1871 1166 1942 tanquam
1180 1856 1240 1924 ab·

253 1947 437 2021 strabendo
467 1948 720 2039 concipiuntur.
786 1946 843 2016 Sic
867 1970 902 2017 v.
935 1969 969 2041 g.
1003 1946 1037 2019 in
1063 1948 1240 2043 disciplina
1354 1951 1360 1958 '

253 2046 344 2140 Juris
361 2044 535 2121 Naturalis
560 2042 658 2141 (g),
684 2039 912 2116 abstrahendo
934 2046 976 2115 ab
993 2044 1049 2117 illa
1073 2046 1243 2141 cognitio-

1183 2164 1246 2233 ne,

254 2363 420 2437 quantiam,
440 2360 582 2430 lialtera,
601 2368 706 2437 prater
719 2359 836 2419 alterius
857 2354 989 2431 decreta,
1011 2360 1080 2436 quid
1095 2360 1244 2433 exhibeat,

253 2440 335 2497 verb.
348 2438 436 2516 finili
449 2438 536 2510 nodo,
555 2454 620 2515 qua
632 2434 731 2497 itidem
745 2434 856 2495 admitti
869 2434 990 2508 potsunt
1031 2440 1150 2497 Trerus.

289 2514 350 2592 (g)
369 2514 415 2573 Sic
434 2532 463 2573 a.
505 2534 530 2577 r.
549 2514 730 2593 indisciplina
740 2512 829 2593 Juris
845 2510 1007 2591 Natraeclis]
1045 2513 1181 2575 Ultimana
1197 2533 1242 2576 as⁴

251 2592 401 2651 senionem
428 2533 621 2652 declaraturus
646 2591 772 2658 Ausim,
801 2588 1093 2679 affectassemplum
1122 2593 1241 2654 fiitionie

249 2669 319 2738 sua,
340 2686 396 2746 qua
409 2670 498 2728 bomo
511 2680 655 2743 utcunque
665 2668 694 2727 in
709 2666 846 2726 mundum
861 2668 1004 2743 proiectus
1019 2669 1147 2744 fingitur,
1166 2688 1241 2744 que·

250 2762 308 2820 que
327 2746 446 2823 amplius
472 2750 503 2805 in
535 2745 619 2822 Opes.
646 2743 749 2820 Major.
776 2746 899 2805 liic.
920 2761 947 2802 a.
970 2745 998 2819 s,
1018 2762 1045 2805 a.
1066 2750 1236 2821 exponitur,

248 2823 380 2898 hancque
394 2823 509 2882 minime
525 2822 658 2882 dodrinae
671 2820 700 2882 8.
717 2821 864 2881 literarum
879 2822 1082 2896 opponendam
1098 2824 1153 2882 effe
1167 2842 1237 2883 con·

249 2900 353 2958 tendit.
391 2899 545 2977 Displicnit
560 2899 606 2958 illa
619 2898 696 2959 fictio
710 2899 743 2958 B.
763 2897 801 2957 l).
820 2896 947 2963 aiberti.
965 2900 995 2955 in
1009 2898 1146 2975 Catapani.
1164 2899 1236 2980 Jur.

247 2989 304 3033 nat.
324 2975 464 3036 Ortbtdox.
485 2988 512 3050 p.
532 2978 556 3036 1.
575 2996 599 3036 c.
622 2993 647 3035 1.
668 2975 695 3052 ί.
716 2980 764 3037 28.
783 2975 833 3051 qui
846 2991 910 3034 eam
931 2975 1058 3036 illicitam
1085 2977 1238 3037 &homini

249 3053 411 3112 Christiano
432 3068 532 3129 parum
552 3056 792 3121 convenientem,
812 3051 1027 3127 quodammodo
1050 3055 1174 3122 censuit3
1197 3055 1237 3113 do

247 3147 309 3204 quo
335 3130 419 3188 deinc
456 3148 470 3188 s
499 3131 530 3188 in
558 3130 666 3206 scriptis
692 3127 813 3190 eristicis
836 3125 953 3204 amplius
977 3129 1147 3205 disputatum
1182 3131 1237 3190 eii.

290 3220 317 3264 2.
338 3208 414 3266 tlibi
446 3205 504 3265 t'tso
519 3205 568 3265 illa
581 3209 700 3266 omnino
716 3206 796 3265 licita
811 3202 939 3274 videtur,
959 3221 1026 3264 cum
1038 3207 1114 3265 nulla
1131 3211 1158 3263 in
1174 3223 1237 3279 par·
1272 3244 1276 3250 -

249 3293 280 3341 te
302 3283 461 3342 auctoritati
481 3281 512 3342 S.
534 3281 677 3360 literatum
699 3281 835 3357 deroget,
855 3283 980 3340 intentio
995 3300 1112 3355 quoque
1132 3281 1238 3342 Pusen·

248 3357 350 3422 dorfii.
373 3357 449 3416 istam
469 3361 672 3432 excogitantis,
695 3361 769 3419 bene
791 3356 954 3416 schabest.
997 3358 1141 3416 Nimirum
1164 3356 1241 3415 solli·

248 3438 324 3511 citus
339 3432 874 3512 illedesuudamentolurisNaturalis‚
888 3431 1074 3493 socialitatem
1090 3433 1237 3494 laudarier

247 3513 317 3592 Quo
331 3514 418 3587 igitur
433 3509 558 3569 bominis
569 3522 699 3570 naturam
714 3509 845 3570 socialem
857 3509 911 3569 effe
924 3509 1077 3585 probaret,
1091 3511 1239 3588 probatio·

246 3605 313 3648 nem
329 3603 388 3648 tum
403 3585 565 3648 rationibus
577 3585 726 3661 pontinia,
746 3600 807 3646 tum
818 3587 931 3646 idione
950 3591 1084 3645 contrarii
1098 3605 1237 3664 peragen·
1256 3588 1259 3593 '

248 3666 312 3724 dam
326 3665 399 3732 effe.
420 3664 550 3743 putarim
563 3663 802 3738 Age‚inquiens,
816 3662 894 3722 velut
908 3665 1124 3733 convincendo,
1140 3665 1161 3723 sr
1177 3683 1237 3726 non

248 3742 354 3814 credis,
375 3743 415 3802 ob
434 3742 561 3802 rationes
579 3737 739 3818 positivae,
768 3750 797 3797 te
820 3737 856 3797 ad
877 3739 1060 3799 socialitatem
1083 3742 1233 3817 destinari,

246 3819 382 3893 fingamus
401 3818 591 3887 contrarium,
609 3831 638 3878 te
659 3816 715 3877 elie
733 3819 763 3874 in
785 3815 921 3878 mundum
945 3815 1143 3893 undecumque
1167 3837 1230 3894 pro«

245 3897 365 3969 iccium,
384 3896 412 3955 dt
425 3899 461 3955 ab
474 3897 552 3956 omni
567 3894 675 3956 auxilio
691 3897 818 3955 humano
833 3895 861 3954 in
879 3893 1033 3955 solitudine
1048 3895 1228 3972 destiturum,

246 3973 274 4036 it
287 3975 344 4045 jam
360 3974 479 4050 proprie
491 3972 605 4034 miseria
618 3973 699 4034 sensu
712 3971 864 4044 fateberis,
884 3974 1010 4033 hominis
1030 3986 1156 4033 naturam
1171 3974 1228 4036 sor·

243 4065 350 4111 matam
364 4049 418 4110 else
436 4050 579 4112 socialem!

252 4176 258 4190 .
282 4144 309 4199 3.
330 4127 470 4187 &terum
488 4125 557 4187 ficut
576 4129 633 4204 ipsa
649 4127 771 4207 positiva
792 4128 954 4189 socialitatis
968 4131 1118 4206 probatio,
1140 4147 1225 4199 quim

240 4205 348 4271 sudor
363 4203 481 4271 molitus
499 4204 562 4279 est,
587 4222 646 4270 non
668 4205 745 4267 adeo
765 4206 935 4282 concludit,
963 4224 1016 4272 ceu
1041 4208 1079 4272 ad
1103 4206 1181 4268 Libr.
1202 4211 1227 4268 1.
1297 4238 1303 4252 κ

721 4283 773 4360 ia
1171 4295 1230 4354 cm
