<?xml version="1.0" encoding="UTF-8"?>
<!DOCTYPE html PUBLIC "-//W3C//DTD XHTML 1.0 Transitional//EN"
    "http://www.w3.org/TR/xhtml1/DTD/xhtml1-transitional.dtd">
<html xmlns="http://www.w3.org/1999/xhtml" xml:lang="en" lang="en">
 <head>
  <title>
</title>
<meta http-equiv="Content-Type" content="text/html;charset=utf-8" />
  <meta name='ocr-system' content='tesseract 3.04.00' />
  <meta name='ocr-capabilities' content='ocr_page ocr_carea ocr_par ocr_line ocrx_word'/>
</head>
<body>
  <div class='ocr_page' id='page_1' title='image "./spufendorfiideo01pufegoog_0048.png"; bbox 0 0 3000 5150; ppageno 0'>
   <div class='ocr_carea' id='block_1_1' title="bbox 236 398 1080 532">
    <p class='ocr_par' dir='ltr' id='par_1_1' title="bbox 236 398 1080 532">
     <span class='ocr_line' id='line_1_1' title="bbox 236 398 1080 532; baseline -0.011 -8"><span class='ocrx_word' id='word_1_1' title='bbox 236 460 281 532; x_wconf 84' lang='lat'>28</span> <span class='ocrx_word' id='word_1_2' title='bbox 379 398 568 523; x_wconf 75' lang='lat' dir='ltr'>Gaura.</span> <span class='ocrx_word' id='word_1_3' title='bbox 611 442 968 526; x_wconf 78' lang='lat' dir='ltr'>Gunu.,T1rrr</span> <span class='ocrx_word' id='word_1_4' title='bbox 1010 442 1080 520; x_wconf 70' lang='lat' dir='ltr'>&amp;a</span> 
     </span>
    </p>
   </div>
   <div class='ocr_carea' id='block_1_2' title="bbox 229 624 1228 1901">
    <p class='ocr_par' dir='ltr' id='par_1_2' title="bbox 229 624 1228 1901">
     <span class='ocr_line' id='line_1_2' title="bbox 235 624 1227 726; baseline -0.005 -17"><span class='ocrx_word' id='word_1_5' title='bbox 235 635 349 724; x_wconf 85' lang='lat' dir='ltr'>hanc,</span> <span class='ocrx_word' id='word_1_6' title='bbox 375 653 416 708; x_wconf 92' lang='lat' dir='ltr'>ac</span> <span class='ocrx_word' id='word_1_7' title='bbox 433 627 737 726; x_wconf 78' lang='lat' dir='ltr'>jurisprudentiam</span> <span class='ocrx_word' id='word_1_8' title='bbox 756 624 998 701; x_wconf 80' lang='lat' dir='ltr'>Particularem</span> <span class='ocrx_word' id='word_1_9' title='bbox 1020 648 1227 726; x_wconf 82' lang='lat' dir='ltr'>comparare</span> 
     </span>
     <span class='ocr_line' id='line_1_3' title="bbox 229 731 1072 807; baseline 0.004 -8"><span class='ocrx_word' id='word_1_10' title='bbox 229 789 231 799; x_wconf 79' lang='grc'>,</span> <span class='ocrx_word' id='word_1_11' title='bbox 262 735 360 807; x_wconf 87' lang='lat' dir='ltr'>lacet.</span> <span class='ocrx_word' id='word_1_12' title='bbox 659 772 664 781; x_wconf 94' lang='lat'>·</span> <span class='ocrx_word' id='word_1_13' title='bbox 1069 731 1072 743; x_wconf 77' lang='grc'><em>’</em></span> 
     </span>
     <span class='ocr_line' id='line_1_4' title="bbox 235 758 1226 929; baseline 0 -29"><span class='ocrx_word' id='word_1_14' title='bbox 235 758 311 929; x_wconf 60' lang='lat' dir='ltr'>pp.</span> <span class='ocrx_word' id='word_1_15' title='bbox 341 838 397 923; x_wconf 82' lang='lat'>87.</span> <span class='ocrx_word' id='word_1_16' title='bbox 424 824 620 919; x_wconf 89' lang='lat' dir='ltr'>Theologia</span> <span class='ocrx_word' id='word_1_17' title='bbox 643 822 747 921; x_wconf 88' lang='lat' dir='ltr'>igitur</span> <span class='ocrx_word' id='word_1_18' title='bbox 772 819 810 898; x_wconf 71' lang='grc' dir='ltr'>ἀ</span> <span class='ocrx_word' id='word_1_19' title='bbox 834 823 1102 921; x_wconf 87' lang='lat' dir='ltr'>Jnrisprndentia</span> <span class='ocrx_word' id='word_1_20' title='bbox 1120 823 1226 900; x_wconf 88' lang='lat' dir='ltr'>Divi·</span> 
     </span>
     <span class='ocr_line' id='line_1_5' title="bbox 234 921 1227 1020; baseline -0.008 -15"><span class='ocrx_word' id='word_1_21' title='bbox 234 953 280 1005; x_wconf 90' lang='lat' dir='ltr'>na</span> <span class='ocrx_word' id='word_1_22' title='bbox 310 926 501 1013; x_wconf 89' lang='lat' dir='ltr'>differunt,</span> <span class='ocrx_word' id='word_1_23' title='bbox 531 921 590 1020; x_wconf 87' lang='lat' dir='ltr'>(t)</span> <span class='ocrx_word' id='word_1_24' title='bbox 615 922 717 995; x_wconf 77' lang='lat' dir='ltr'>lire:</span> <span class='ocrx_word' id='word_1_25' title='bbox 742 921 801 995; x_wconf 88' lang='lat' dir='ltr'>illa</span> <span class='ocrx_word' id='word_1_26' title='bbox 824 921 1022 997; x_wconf 79' lang='lat' dir='ltr'>felicitatem</span> <span class='ocrx_word' id='word_1_27' title='bbox 1047 923 1227 1013; x_wconf 89' lang='lat' dir='ltr'>fututam,</span> 
     </span>
     <span class='ocr_line' id='line_1_6' title="bbox 235 1018 1225 1120; baseline -0.003 -19"><span class='ocrx_word' id='word_1_28' title='bbox 235 1028 314 1102; x_wconf 84' lang='lat' dir='ltr'>lraec</span> <span class='ocrx_word' id='word_1_29' title='bbox 336 1024 533 1120; x_wconf 86' lang='lat' dir='ltr'>praesentent</span> <span class='ocrx_word' id='word_1_30' title='bbox 559 1019 715 1113; x_wconf 81' lang='lat' dir='ltr'><strong>respicit,</strong></span> <span class='ocrx_word' id='word_1_31' title='bbox 743 1018 801 1117; x_wconf 88' lang='lat'>(2)</span> <span class='ocrx_word' id='word_1_32' title='bbox 828 1020 1060 1115; x_wconf 84' lang='lat' dir='ltr'>Applicatiarre:</span> <span class='ocrx_word' id='word_1_33' title='bbox 1083 1022 1142 1095; x_wconf 88' lang='lat' dir='ltr'>illa</span> <span class='ocrx_word' id='word_1_34' title='bbox 1161 1046 1225 1098; x_wconf 85' lang='lat' dir='ltr'>ex·</span> 
     </span>
     <span class='ocr_line' id='line_1_7' title="bbox 238 1117 1227 1217; baseline -0.008 -16"><span class='ocrx_word' id='word_1_35' title='bbox 238 1124 436 1201; x_wconf 71' lang='lat' dir='ltr'>rnrffimam</span> <span class='ocrx_word' id='word_1_36' title='bbox 454 1125 565 1217; x_wconf 85' lang='lat' dir='ltr'>legunt</span> <span class='ocrx_word' id='word_1_37' title='bbox 581 1117 833 1190; x_wconf 85' lang='lat' dir='ltr'>observantiam</span> <span class='ocrx_word' id='word_1_38' title='bbox 856 1122 984 1215; x_wconf 82' lang='lat' dir='ltr'>exigit,</span> <span class='ocrx_word' id='word_1_39' title='bbox 1013 1122 1087 1193; x_wconf 83' lang='lat' dir='ltr'>ltaec</span> <span class='ocrx_word' id='word_1_40' title='bbox 1110 1140 1227 1193; x_wconf 83' lang='lat' dir='ltr'>exter·</span> 
     </span>
     <span class='ocr_line' id='line_1_8' title="bbox 239 1214 1228 1313; baseline -0.014 -18"><span class='ocrx_word' id='word_1_41' title='bbox 239 1248 288 1298; x_wconf 90' lang='lat' dir='ltr'>no</span> <span class='ocrx_word' id='word_1_42' title='bbox 315 1219 479 1311; x_wconf 88' lang='lat' dir='ltr'>obsequio</span> <span class='ocrx_word' id='word_1_43' title='bbox 507 1218 616 1289; x_wconf 89' lang='lat' dir='ltr'>etiam</span> <span class='ocrx_word' id='word_1_44' title='bbox 633 1233 798 1288; x_wconf 85' lang='lat' dir='ltr'>contenta</span> <span class='ocrx_word' id='word_1_45' title='bbox 816 1214 886 1302; x_wconf 91' lang='lat' dir='ltr'>est,</span> <span class='ocrx_word' id='word_1_46' title='bbox 914 1217 972 1312; x_wconf 84' lang='lat'>(3)</span> <span class='ocrx_word' id='word_1_47' title='bbox 1000 1220 1158 1313; x_wconf 72' lang='lat' dir='ltr'>Principio</span> <span class='ocrx_word' id='word_1_48' title='bbox 1175 1221 1228 1291; x_wconf 74' lang='lat' dir='ltr'>de·</span> 
     </span>
     <span class='ocr_line' id='line_1_9' title="bbox 236 1311 1226 1419; baseline -0.008 -22"><span class='ocrx_word' id='word_1_49' title='bbox 236 1321 447 1419; x_wconf 75' lang='lat' dir='ltr'>monstrandi:</span> <span class='ocrx_word' id='word_1_50' title='bbox 473 1315 529 1387; x_wconf 87' lang='lat' dir='ltr'>illa</span> <span class='ocrx_word' id='word_1_51' title='bbox 546 1313 683 1407; x_wconf 90' lang='lat' dir='ltr'>speciali</span> <span class='ocrx_word' id='word_1_52' title='bbox 702 1311 933 1403; x_wconf 79' lang='lat' dir='ltr'>revelatione,</span> <span class='ocrx_word' id='word_1_53' title='bbox 959 1316 1049 1410; x_wconf 91' lang='lat' dir='ltr'>apud</span> <span class='ocrx_word' id='word_1_54' title='bbox 1064 1314 1226 1389; x_wconf 87' lang='lat' dir='ltr'>Christia-</span> 
     </span>
     <span class='ocr_line' id='line_1_10' title="bbox 237 1410 1226 1508; baseline -0.008 -14"><span class='ocrx_word' id='word_1_55' title='bbox 237 1444 302 1495; x_wconf 86' lang='lat' dir='ltr'>nos</span> <span class='ocrx_word' id='word_1_56' title='bbox 329 1421 362 1490; x_wconf 88' lang='lat' dir='ltr'>S.</span> <span class='ocrx_word' id='word_1_57' title='bbox 391 1413 585 1508; x_wconf 84' lang='lat' dir='ltr'>Scriptura,</span> <span class='ocrx_word' id='word_1_58' title='bbox 613 1410 748 1496; x_wconf 89' lang='lat' dir='ltr'>nititur,</span> <span class='ocrx_word' id='word_1_59' title='bbox 777 1410 852 1482; x_wconf 85' lang='lat' dir='ltr'>lraec</span> <span class='ocrx_word' id='word_1_60' title='bbox 877 1436 923 1486; x_wconf 86' lang='lat' dir='ltr'>ex</span> <span class='ocrx_word' id='word_1_61' title='bbox 946 1434 1068 1506; x_wconf 89' lang='lat' dir='ltr'>natura</span> <span class='ocrx_word' id='word_1_62' title='bbox 1094 1412 1226 1508; x_wconf 87' lang='lat' dir='ltr'>potiffi·</span> 
     </span>
     <span class='ocr_line' id='line_1_11' title="bbox 236 1510 1228 1604; baseline -0.004 -15"><span class='ocrx_word' id='word_1_63' title='bbox 236 1540 333 1590; x_wconf 90' lang='lat' dir='ltr'>mum</span> <span class='ocrx_word' id='word_1_64' title='bbox 358 1514 415 1586; x_wconf 88' lang='lat' dir='ltr'>sua</span> <span class='ocrx_word' id='word_1_65' title='bbox 435 1510 590 1594; x_wconf 90' lang='lat' dir='ltr'>derivat,</span> <span class='ocrx_word' id='word_1_66' title='bbox 626 1530 668 1579; x_wconf 84' lang='lat' dir='ltr'>ac</span> <span class='ocrx_word' id='word_1_67' title='bbox 702 1529 949 1604; x_wconf 85' lang='lat' dir='ltr'><strong>nonnunquam</strong></span> <span class='ocrx_word' id='word_1_68' title='bbox 974 1511 1015 1585; x_wconf 88' lang='lat' dir='ltr'>ad</span> <span class='ocrx_word' id='word_1_69' title='bbox 1043 1510 1228 1586; x_wconf 84' lang='lat' dir='ltr'>revelatio·</span> 
     </span>
     <span class='ocr_line' id='line_1_12' title="bbox 236 1606 1227 1704; baseline -0.001 -19"><span class='ocrx_word' id='word_1_70' title='bbox 236 1638 318 1691; x_wconf 87' lang='lat' dir='ltr'>nem</span> <span class='ocrx_word' id='word_1_71' title='bbox 336 1610 504 1696; x_wconf 82' lang='lat' dir='ltr'>recurrit,</span> <span class='ocrx_word' id='word_1_72' title='bbox 530 1606 590 1703; x_wconf 89' lang='lat'>(4)</span> <span class='ocrx_word' id='word_1_73' title='bbox 615 1607 775 1699; x_wconf 68' lang='lat' dir='ltr'>sabjecta:</span> <span class='ocrx_word' id='word_1_74' title='bbox 799 1607 853 1680; x_wconf 92' lang='lat' dir='ltr'>illa</span> <span class='ocrx_word' id='word_1_75' title='bbox 875 1607 1013 1704; x_wconf 86' lang='lat' dir='ltr'>requirit</span> <span class='ocrx_word' id='word_1_76' title='bbox 1027 1610 1227 1701; x_wconf 85' lang='lat' dir='ltr'>hominem,</span> 
     </span>
     <span class='ocr_line' id='line_1_13' title="bbox 236 1703 1228 1805; baseline -0.003 -19"><span class='ocrx_word' id='word_1_77' title='bbox 236 1712 355 1787; x_wconf 82' lang='lat' dir='ltr'>divina</span> <span class='ocrx_word' id='word_1_78' title='bbox 378 1706 487 1805; x_wconf 86' lang='lat' dir='ltr'>gratia</span> <span class='ocrx_word' id='word_1_79' title='bbox 519 1703 704 1798; x_wconf 87' lang='lat' dir='ltr'>specialiter</span> <span class='ocrx_word' id='word_1_80' title='bbox 736 1703 965 1795; x_wconf 72' lang='lat' dir='ltr'>instructum,</span> <span class='ocrx_word' id='word_1_81' title='bbox 998 1707 1076 1780; x_wconf 84' lang='lat' dir='ltr'>haec</span> <span class='ocrx_word' id='word_1_82' title='bbox 1098 1708 1228 1784; x_wconf 87' lang='lat' dir='ltr'>viribus</span> 
     </span>
     <span class='ocr_line' id='line_1_14' title="bbox 237 1802 1227 1901; baseline -0.004 -18"><span class='ocrx_word' id='word_1_83' title='bbox 237 1808 444 1887; x_wconf 83' lang='lat' dir='ltr'>naturalibus</span> <span class='ocrx_word' id='word_1_84' title='bbox 472 1803 648 1896; x_wconf 84' lang='lat' dir='ltr'>ptaeditutn</span> <span class='ocrx_word' id='word_1_85' title='bbox 676 1803 862 1898; x_wconf 85' lang='lat' dir='ltr'>supponit,</span> <span class='ocrx_word' id='word_1_86' title='bbox 894 1802 953 1900; x_wconf 91' lang='lat'>(5)</span> <span class='ocrx_word' id='word_1_87' title='bbox 988 1808 1137 1901; x_wconf 77' lang='lat' dir='ltr'>objeuos</span> <span class='ocrx_word' id='word_1_88' title='bbox 1169 1806 1227 1879; x_wconf 84' lang='lat' dir='ltr'>illa</span> 
     </span>
    </p>
   </div>
   <div class='ocr_carea' id='block_1_3' title="bbox 101 1900 1229 2081">
    <p class='ocr_par' dir='ltr' id='par_1_3' title="bbox 101 1900 1229 2081">
     <span class='ocr_line' id='line_1_15' title="bbox 101 1900 1229 2004; baseline -0.012 -13"><span class='ocrx_word' id='word_1_89' title='bbox 101 1984 103 1991; x_wconf 15' lang='grc' dir='ltr'><strong>Α</strong></span> <span class='ocrx_word' id='word_1_90' title='bbox 237 1913 330 2004; x_wconf 87' lang='lat' dir='ltr'>leges</span> <span class='ocrx_word' id='word_1_91' title='bbox 351 1905 502 1992; x_wconf 84' lang='lat' dir='ltr'>divinas,</span> <span class='ocrx_word' id='word_1_92' title='bbox 530 1921 566 1974; x_wconf 94' lang='lat' dir='ltr'>ut</span> <span class='ocrx_word' id='word_1_93' title='bbox 585 1900 776 1997; x_wconf 87' lang='lat' dir='ltr'>religiosas,</span> <span class='ocrx_word' id='word_1_94' title='bbox 801 1901 877 1975; x_wconf 86' lang='lat' dir='ltr'>haec</span> <span class='ocrx_word' id='word_1_95' title='bbox 899 1922 935 1975; x_wconf 91' lang='lat' dir='ltr'>ut</span> <span class='ocrx_word' id='word_1_96' title='bbox 957 1903 1118 2000; x_wconf 86' lang='lat' dir='ltr'>politicas</span> <span class='ocrx_word' id='word_1_97' title='bbox 1142 1925 1229 1979; x_wconf 88' lang='lat' dir='ltr'>cou-</span> 
     </span>
     <span class='ocr_line' id='line_1_16' title="bbox 148 2008 375 2081; baseline -0.053 3"><span class='ocrx_word' id='word_1_98' title='bbox 148 2059 149 2066; x_wconf 24' lang='grc' dir='ltr'><strong>κ</strong></span> <span class='ocrx_word' id='word_1_99' title='bbox 239 2008 375 2081; x_wconf 78' lang='lat' dir='ltr'>linerat.</span> 
     </span>
    </p>
   </div>
   <div class='ocr_carea' id='block_1_4' title="bbox 153 2095 1250 3764">
    <p class='ocr_par' dir='ltr' id='par_1_4' title="bbox 153 2095 1250 3074">
     <span class='ocr_line' id='line_1_17' title="bbox 289 2095 1230 2199; baseline 0.006 -33"><span class='ocrx_word' id='word_1_100' title='bbox 289 2100 321 2199; x_wconf 68' lang='lat'>§-</span> <span class='ocrx_word' id='word_1_101' title='bbox 352 2107 408 2181; x_wconf 78' lang='lat'>88.</span> <span class='ocrx_word' id='word_1_102' title='bbox 444 2095 712 2191; x_wconf 84' lang='lat' dir='ltr'>Jurisprudentia</span> <span class='ocrx_word' id='word_1_103' title='bbox 733 2096 945 2173; x_wconf 85' lang='lat' dir='ltr'>Universalis</span> <span class='ocrx_word' id='word_1_104' title='bbox 975 2097 1013 2173; x_wconf 87' lang='lat'>&amp;</span> <span class='ocrx_word' id='word_1_105' title='bbox 1036 2098 1230 2174; x_wconf 71' lang='lat' dir='ltr'>&#39;Particula-</span> 
     </span>
     <span class='ocr_line' id='line_1_18' title="bbox 240 2194 1230 2293; baseline -0.008 -16"><span class='ocrx_word' id='word_1_106' title='bbox 240 2206 307 2291; x_wconf 80' lang='lat' dir='ltr'>ris,</span> <span class='ocrx_word' id='word_1_107' title='bbox 335 2200 389 2273; x_wconf 83' lang='lat' dir='ltr'>seu</span> <span class='ocrx_word' id='word_1_108' title='bbox 414 2197 541 2270; x_wconf 89' lang='lat' dir='ltr'>Divina</span> <span class='ocrx_word' id='word_1_109' title='bbox 564 2194 602 2269; x_wconf 84' lang='lat'>&amp;</span> <span class='ocrx_word' id='word_1_110' title='bbox 630 2195 816 2285; x_wconf 87' lang='lat' dir='ltr'>Humana,</span> <span class='ocrx_word' id='word_1_111' title='bbox 842 2196 1024 2284; x_wconf 88' lang='lat' dir='ltr'>differunt,</span> <span class='ocrx_word' id='word_1_112' title='bbox 1049 2198 1108 2293; x_wconf 88' lang='lat' dir='ltr'>(t)</span> <span class='ocrx_word' id='word_1_113' title='bbox 1134 2197 1230 2271; x_wconf 84' lang='lat' dir='ltr'>Fine:</span> 
     </span>
     <span class='ocr_line' id='line_1_19' title="bbox 237 2292 1230 2392; baseline -0.005 -15"><span class='ocrx_word' id='word_1_114' title='bbox 237 2302 294 2377; x_wconf 87' lang='lat' dir='ltr'>illa</span> <span class='ocrx_word' id='word_1_115' title='bbox 313 2297 507 2372; x_wconf 83' lang='lat' dir='ltr'>felicitatem</span> <span class='ocrx_word' id='word_1_116' title='bbox 525 2293 656 2391; x_wconf 86' lang='lat' dir='ltr'>generis</span> <span class='ocrx_word' id='word_1_117' title='bbox 677 2292 840 2382; x_wconf 85' lang='lat' dir='ltr'>humani,</span> <span class='ocrx_word' id='word_1_118' title='bbox 870 2296 944 2367; x_wconf 87' lang='lat' dir='ltr'>naec</span> <span class='ocrx_word' id='word_1_119' title='bbox 957 2314 1060 2369; x_wconf 81' lang='lat' dir='ltr'>certae</span> <span class='ocrx_word' id='word_1_120' title='bbox 1085 2293 1230 2392; x_wconf 84' lang='lat' dir='ltr'>alicujus</span> 
     </span>
     <span class='ocr_line' id='line_1_20' title="bbox 239 2392 1231 2492; baseline -0.008 -20"><span class='ocrx_word' id='word_1_121' title='bbox 239 2398 457 2492; x_wconf 80' lang='lat' dir='ltr'>Reipublicae</span> <span class='ocrx_word' id='word_1_122' title='bbox 489 2392 663 2476; x_wconf 87' lang='lat' dir='ltr'>intendit,</span> <span class='ocrx_word' id='word_1_123' title='bbox 701 2392 761 2487; x_wconf 89' lang='lat'>(2)</span> <span class='ocrx_word' id='word_1_124' title='bbox 793 2393 950 2488; x_wconf 87' lang='lat' dir='ltr'>Principio</span> <span class='ocrx_word' id='word_1_125' title='bbox 975 2392 1231 2492; x_wconf 77' lang='lat' dir='ltr'>demonstrandi:</span> 
     </span>
     <span class='ocr_line' id='line_1_21' title="bbox 240 2489 1231 2587; baseline -0.006 -16"><span class='ocrx_word' id='word_1_126' title='bbox 240 2496 361 2571; x_wconf 83' lang='lat' dir='ltr'>illaad</span> <span class='ocrx_word' id='word_1_127' title='bbox 392 2512 571 2575; x_wconf 86' lang='lat' dir='ltr'>naturam,</span> <span class='ocrx_word' id='word_1_128' title='bbox 602 2490 676 2559; x_wconf 82' lang='lat' dir='ltr'>lraec</span> <span class='ocrx_word' id='word_1_129' title='bbox 703 2489 746 2561; x_wconf 86' lang='lat' dir='ltr'>ad</span> <span class='ocrx_word' id='word_1_130' title='bbox 773 2493 1087 2587; x_wconf 84' lang='lat' dir='ltr'>promulgationem</span> <span class='ocrx_word' id='word_1_131' title='bbox 1113 2513 1231 2565; x_wconf 85' lang='lat' dir='ltr'>tecnr·</span> 
     </span>
     <span class='ocr_line' id='line_1_22' title="bbox 242 2585 1233 2687; baseline -0.002 -21"><span class='ocrx_word' id='word_1_132' title='bbox 242 2595 306 2677; x_wconf 91' lang='lat' dir='ltr'>rit,</span> <span class='ocrx_word' id='word_1_133' title='bbox 334 2590 392 2686; x_wconf 65' lang='grc' dir='ltr'>(ς)</span> <span class='ocrx_word' id='word_1_134' title='bbox 421 2590 565 2677; x_wconf 73' lang='lat' dir='ltr'>Oljrsso:</span> <span class='ocrx_word' id='word_1_135' title='bbox 592 2585 647 2657; x_wconf 89' lang='lat' dir='ltr'>illa</span> <span class='ocrx_word' id='word_1_136' title='bbox 674 2585 766 2680; x_wconf 89' lang='lat' dir='ltr'>leges</span> <span class='ocrx_word' id='word_1_137' title='bbox 787 2588 921 2660; x_wconf 89' lang='lat' dir='ltr'>divinas</span> <span class='ocrx_word' id='word_1_138' title='bbox 942 2592 976 2662; x_wconf 91' lang='lat' dir='ltr'>in</span> <span class='ocrx_word' id='word_1_139' title='bbox 1004 2589 1233 2687; x_wconf 84' lang='lat' dir='ltr'>terminisge·</span> 
     </span>
     <span class='ocr_line' id='line_1_23' title="bbox 244 2681 1233 2783; baseline -0.003 -20"><span class='ocrx_word' id='word_1_140' title='bbox 244 2687 484 2770; x_wconf 89' lang='lat' dir='ltr'>neralioribus‚</span> <span class='ocrx_word' id='word_1_141' title='bbox 509 2681 546 2754; x_wconf 72' lang='grc' dir='ltr'><strong>ἃ</strong></span> <span class='ocrx_word' id='word_1_142' title='bbox 574 2682 643 2754; x_wconf 85' lang='lat' dir='ltr'>fine</span> <span class='ocrx_word' id='word_1_143' title='bbox 670 2681 823 2776; x_wconf 73' lang='lat' dir='ltr'>respectu</span> <span class='ocrx_word' id='word_1_144' title='bbox 849 2687 891 2758; x_wconf 90' lang='lat' dir='ltr'>ad</span> <span class='ocrx_word' id='word_1_145' title='bbox 918 2708 1047 2760; x_wconf 90' lang='lat' dir='ltr'>certam</span> <span class='ocrx_word' id='word_1_146' title='bbox 1075 2688 1233 2783; x_wconf 89' lang='lat' dir='ltr'>Rempn·</span> 
     </span>
     <span class='ocr_line' id='line_1_24' title="bbox 153 2779 1235 2881; baseline -0.003 -19"><span class='ocrx_word' id='word_1_147' title='bbox 153 2795 155 2803; x_wconf 82' lang='grc'><em>’</em></span> <span class='ocrx_word' id='word_1_148' title='bbox 227 2789 391 2872; x_wconf 62' lang='lat' dir='ltr'>blicam,</span> <span class='ocrx_word' id='word_1_149' title='bbox 416 2781 600 2869; x_wconf 80' lang='lat' dir='ltr'>expendit,</span> <span class='ocrx_word' id='word_1_150' title='bbox 640 2779 715 2851; x_wconf 84' lang='lat' dir='ltr'>ltoec</span> <span class='ocrx_word' id='word_1_151' title='bbox 740 2781 977 2858; x_wconf 81' lang='lat' dir='ltr'>conclusiones</span> <span class='ocrx_word' id='word_1_152' title='bbox 1001 2786 1115 2881; x_wconf 90' lang='lat' dir='ltr'>legum</span> <span class='ocrx_word' id='word_1_153' title='bbox 1143 2785 1235 2860; x_wconf 86' lang='lat' dir='ltr'>divi·</span> 
     </span>
     <span class='ocr_line' id='line_1_25' title="bbox 242 2877 1235 2978; baseline 0.004 -22"><span class='ocrx_word' id='word_1_154' title='bbox 242 2906 367 2970; x_wconf 81' lang='lat' dir='ltr'>narum</span> <span class='ocrx_word' id='word_1_155' title='bbox 384 2880 543 2973; x_wconf 84' lang='lat' dir='ltr'>speciales</span> <span class='ocrx_word' id='word_1_156' title='bbox 559 2901 638 2952; x_wconf 89' lang='lat' dir='ltr'>curn</span> <span class='ocrx_word' id='word_1_157' title='bbox 660 2879 790 2975; x_wconf 87' lang='lat' dir='ltr'>legibus</span> <span class='ocrx_word' id='word_1_158' title='bbox 804 2877 963 2956; x_wconf 86' lang='lat' dir='ltr'>humanis</span> <span class='ocrx_word' id='word_1_159' title='bbox 975 2903 1083 2956; x_wconf 74' lang='lat' dir='ltr'>certas</span> <span class='ocrx_word' id='word_1_160' title='bbox 1100 2883 1235 2978; x_wconf 86' lang='lat' dir='ltr'>Reipu-</span> 
     </span>
     <span class='ocr_line' id='line_1_26' title="bbox 243 2978 1250 3074; baseline -0.011 -15"><span class='ocrx_word' id='word_1_161' title='bbox 243 2985 345 3059; x_wconf 82' lang='lat' dir='ltr'>blicae</span> <span class='ocrx_word' id='word_1_162' title='bbox 367 2978 528 3074; x_wconf 87' lang='lat' dir='ltr'>applicat.</span> <span class='ocrx_word' id='word_1_163' title='bbox 1241 3053 1250 3065; x_wconf 61' lang='grc'><em>,</em></span> 
     </span>
    </p>

    <p class='ocr_par' dir='ltr' id='par_1_5' title="bbox 242 3075 1238 3764">
     <span class='ocr_line' id='line_1_27' title="bbox 296 3075 1236 3179; baseline 0.009 -34"><span class='ocrx_word' id='word_1_164' title='bbox 296 3078 325 3179; x_wconf 62' lang='lat' dir='ltr'>p.</span> <span class='ocrx_word' id='word_1_165' title='bbox 355 3088 412 3166; x_wconf 78' lang='lat'>89.</span> <span class='ocrx_word' id='word_1_166' title='bbox 446 3079 559 3169; x_wconf 80' lang='lat' dir='ltr'>Atque</span> <span class='ocrx_word' id='word_1_167' title='bbox 583 3075 663 3162; x_wconf 77' lang='lat' dir='ltr'>lias,</span> <span class='ocrx_word' id='word_1_168' title='bbox 689 3097 773 3170; x_wconf 84' lang='lat' dir='ltr'>quas</span> <span class='ocrx_word' id='word_1_169' title='bbox 799 3076 1155 3168; x_wconf 65' lang='lat' dir='ltr'>procurrentium,</span> <span class='ocrx_word' id='word_1_170' title='bbox 1181 3078 1236 3153; x_wconf 90' lang='lat' dir='ltr'>di·</span> 
     </span>
     <span class='ocr_line' id='line_1_28' title="bbox 244 3174 1235 3274; baseline -0.002 -20"><span class='ocrx_word' id='word_1_171' title='bbox 244 3179 459 3274; x_wconf 87' lang='lat' dir='ltr'>sciplinarum</span> <span class='ocrx_word' id='word_1_172' title='bbox 475 3175 653 3246; x_wconf 85' lang='lat' dir='ltr'>moralium</span> <span class='ocrx_word' id='word_1_173' title='bbox 673 3175 895 3267; x_wconf 87' lang='lat' dir='ltr'>partitiones,</span> <span class='ocrx_word' id='word_1_174' title='bbox 923 3174 960 3249; x_wconf 74' lang='grc' dir='ltr'>δι</span> <span class='ocrx_word' id='word_1_175' title='bbox 981 3175 1179 3251; x_wconf 78' lang='lat' dir='ltr'>necessarias</span> <span class='ocrx_word' id='word_1_176' title='bbox 1193 3177 1235 3252; x_wconf 70' lang='grc' dir='ltr'><strong>ἃ</strong></span> 
     </span>
     <span class='ocr_line' id='line_1_29' title="bbox 244 3271 1235 3374; baseline -0.002 -24"><span class='ocrx_word' id='word_1_177' title='bbox 244 3281 437 3374; x_wconf 74' lang='lat' dir='ltr'>adaequatos</span> <span class='ocrx_word' id='word_1_178' title='bbox 466 3271 621 3344; x_wconf 88' lang='lat' dir='ltr'>arbitror.</span> <span class='ocrx_word' id='word_1_179' title='bbox 675 3273 723 3344; x_wconf 91' lang='lat' dir='ltr'>Ut</span> <span class='ocrx_word' id='word_1_180' title='bbox 740 3275 814 3368; x_wconf 90' lang='lat' dir='ltr'>quis</span> <span class='ocrx_word' id='word_1_181' title='bbox 838 3274 907 3346; x_wconf 90' lang='lat' dir='ltr'>aliis</span> <span class='ocrx_word' id='word_1_182' title='bbox 930 3277 1080 3349; x_wconf 89' lang='lat' dir='ltr'>terminis</span> <span class='ocrx_word' id='word_1_183' title='bbox 1097 3296 1235 3366; x_wconf 83' lang='lat' dir='ltr'>utatur,</span> 
     </span>
     <span class='ocr_line' id='line_1_30' title="bbox 245 3370 1237 3470; baseline -0.004 -19"><span class='ocrx_word' id='word_1_184' title='bbox 245 3398 303 3452; x_wconf 88' lang='lat' dir='ltr'>aut</span> <span class='ocrx_word' id='word_1_185' title='bbox 333 3375 460 3470; x_wconf 79' lang='lat' dir='ltr'>species</span> <span class='ocrx_word' id='word_1_186' title='bbox 480 3370 667 3465; x_wconf 77' lang='lat' dir='ltr'>propostas</span> <span class='ocrx_word' id='word_1_187' title='bbox 692 3373 837 3464; x_wconf 89' lang='lat' dir='ltr'>amplius</span> <span class='ocrx_word' id='word_1_188' title='bbox 865 3370 1065 3467; x_wconf 88' lang='lat' dir='ltr'>distinguat,</span> <span class='ocrx_word' id='word_1_189' title='bbox 1090 3396 1160 3446; x_wconf 92' lang='lat' dir='ltr'>non</span> <span class='ocrx_word' id='word_1_190' title='bbox 1182 3399 1237 3447; x_wconf 90' lang='lat' dir='ltr'>re·</span> 
     </span>
     <span class='ocr_line' id='line_1_31' title="bbox 242 3469 1238 3578; baseline -0.002 -32"><span class='ocrx_word' id='word_1_191' title='bbox 242 3497 383 3578; x_wconf 79' lang='lat' dir='ltr'>pugno,</span> <span class='ocrx_word' id='word_1_192' title='bbox 412 3471 466 3544; x_wconf 94' lang='lat' dir='ltr'>sed</span> <span class='ocrx_word' id='word_1_193' title='bbox 490 3492 533 3542; x_wconf 82' lang='lat' dir='ltr'>ex</span> <span class='ocrx_word' id='word_1_194' title='bbox 561 3470 630 3542; x_wconf 86' lang='lat' dir='ltr'>aliis</span> <span class='ocrx_word' id='word_1_195' title='bbox 654 3469 883 3542; x_wconf 79' lang='lat' dir='ltr'>fundamentis</span> <span class='ocrx_word' id='word_1_196' title='bbox 908 3472 1109 3560; x_wconf 82' lang='lat' dir='ltr'>partitiones</span> <span class='ocrx_word' id='word_1_197' title='bbox 1141 3471 1238 3566; x_wconf 80' lang='lat' dir='ltr'>posse</span> 
     </span>
     <span class='ocr_line' id='line_1_32' title="bbox 245 3566 1237 3668; baseline -0.005 -21"><span class='ocrx_word' id='word_1_198' title='bbox 245 3594 304 3647; x_wconf 84' lang='lat' dir='ltr'>aut</span> <span class='ocrx_word' id='word_1_199' title='bbox 330 3572 452 3644; x_wconf 90' lang='lat' dir='ltr'>debere</span> <span class='ocrx_word' id='word_1_200' title='bbox 474 3569 603 3661; x_wconf 86' lang='lat' dir='ltr'>repeti,</span> <span class='ocrx_word' id='word_1_201' title='bbox 632 3569 686 3641; x_wconf 85' lang='lat' dir='ltr'>uel</span> <span class='ocrx_word' id='word_1_202' title='bbox 711 3570 851 3655; x_wconf 86' lang='lat' dir='ltr'>allatas,</span> <span class='ocrx_word' id='word_1_203' title='bbox 878 3566 971 3640; x_wconf 86' lang='lat' dir='ltr'>salva</span> <span class='ocrx_word' id='word_1_204' title='bbox 995 3569 1097 3647; x_wconf 89' lang='lat' dir='ltr'>solida</span> <span class='ocrx_word' id='word_1_205' title='bbox 1113 3572 1237 3668; x_wconf 86' lang='lat' dir='ltr'>cogni·</span> 
     </span>
     <span class='ocr_line' id='line_1_33' title="bbox 243 3665 1060 3764; baseline -0.006 -17"><span class='ocrx_word' id='word_1_206' title='bbox 243 3673 358 3760; x_wconf 75' lang='lat' dir='ltr'>none,</span> <span class='ocrx_word' id='word_1_207' title='bbox 373 3667 528 3764; x_wconf 82' lang='lat' dir='ltr'>negligi,</span> <span class='ocrx_word' id='word_1_208' title='bbox 557 3667 589 3742; x_wconf 89' lang='lat' dir='ltr'>id</span> <span class='ocrx_word' id='word_1_209' title='bbox 612 3690 696 3742; x_wconf 86' lang='lat' dir='ltr'>vcro</span> <span class='ocrx_word' id='word_1_210' title='bbox 717 3666 807 3743; x_wconf 84' lang='lat' dir='ltr'>haud</span> <span class='ocrx_word' id='word_1_211' title='bbox 826 3665 1060 3743; x_wconf 75' lang='lat' dir='ltr'>concesserim.</span> 
     </span>
    </p>
   </div>
   <div class='ocr_carea' id='block_1_5' title="bbox 980 4160 1239 4237">
    <p class='ocr_par' dir='ltr' id='par_1_6' title="bbox 980 4160 1239 4237">
     <span class='ocr_line' id='line_1_34' title="bbox 980 4160 1239 4237; baseline 0.015 -4"><span class='ocrx_word' id='word_1_212' title='bbox 980 4160 1239 4237; x_wconf 82' lang='lat' dir='ltr'>LECTORI</span> 
     </span>
    </p>
   </div>
   <div class='ocr_carea' id='block_1_6' title="bbox 0 0 1513 5150">
    <p class='ocr_par' dir='ltr' id='par_1_7' title="bbox 0 0 1513 5150">
     <span class='ocr_line' id='line_1_35' title="bbox 0 0 1513 5150; baseline 0 0"><span class='ocrx_word' id='word_1_213' title='bbox 0 0 1513 5150; x_wconf 95' lang='lat' dir='ltr'> </span> 
     </span>
    </p>
   </div>
  </div>
 </body>
</html>
