3000 5150
365 440 697 515 Pnouuoouunu
728 455 781 509 uu
813 435 1001 512 Huurru.
1035 435 1109 513 dic.
1185 459 1232 531 25

291 615 323 713 ς.
352 638 409 710 7¹·
434 614 546 688 Altera
578 609 757 683 Dostrinae
786 610 897 686 civilis
920 612 1048 707 species
1074 611 1126 686 est
1151 612 1233 686 Pru-

241 712 380 802 dentia,
406 709 511 809 preffe
543 708 655 795 dida,
685 708 778 803 (vid.
803 707 832 806 §-
862 708 920 801 8.)
947 735 1023 809 quae
1046 712 1150 785 etiam
1174 715 1233 788 vel

245 812 306 905 (ι)
336 834 398 903 pro
427 813 608 905 Cognitiunt
633 809 768 879 innoxia
790 809 963 896 utilitatis,
997 810 1053 882 vel
1085 810 1143 904 (u)
1169 836 1233 907 pro

244 910 367 980 Habitu
406 932 476 981 rum
503 906 713 1000 intelligendi,
747 905 801 974 vel
825 906 883 997 (3)
907 930 967 998 pro
991 909 1154 1001 Complexo
1179 913 1233 982 do·

243 1012 380 1094 ilrirrae,
417 1011 450 1075 iu
468 1000 661 1097 scripturam
682 1002 834 1088 rrlrttae,
860 1003 968 1096 accipi
993 1003 1131 1094 potest,
1156 1033 1232 1103 quae

242 1103 405 1178 distinere
424 1101 574 1197 persequi
587 1101 658 1194 jam
675 1121 747 1170 non
764 1098 858 1170 libet.

292 1200 325 1297 §.
353 1222 410 1289 pu.
440 1198 585 1270 Materia
615 1196 807 1269 Prudentiae
830 1193 881 1267 est
909 1198 1045 1268 Utilitas
1063 1252 1074 1285 ,
1090 1226 1092 1230 ’
1109 1202 1235 1274 uliiuni.

242 1304 301 1372 bur
327 1300 420 1369 licitis
441 1296 633 1390 procuranda
653 1294 812 1367 nimirum
839 1291 978 1389 possunt
1005 1298 1085 1366 buna
1104 1296 1248 1391 deelle,'

245 1398 332 1468 nrulu
358 1418 440 1465 vero
461 1395 633 1465 immerito
657 1416 806 1488 urgere,
843 1393 898 1463 vel
922 1391 1122 1483 imminere,
1152 1420 1237 1491 quo-

244 1496 352 1566 modo
378 1492 501 1587 igitur,
528 1490 628 1562 salvis
649 1492 781 1584 legibus
808 1486 846 1561 ἃ
874 1489 1031 1581 justitia,
1063 1492 1120 1565 illa
1150 1516 1236 1567 con·

243 1591 357 1684 sequi,
385 1592 459 1660 baec
482 1591 651 1679 depellere
676 1592 731 1661 vel
754 1587 922 1661 declinare
946 1611 1129 1683 queamus,
1153 1616 1234 1687 pru·

242 1688 357 1762 deutia
374 1686 542 1782 praecipit.
595 1685 647 1760 Ex
668 1709 736 1778 quo
753 1685 873 1781 liquet,
901 1683 981 1757 talia
997 1686 1087 1761 bona
1104 1685 1142 1763 or
1161 1713 1234 1763 rua·

245 1785 463 1880 inintelligi,
489 1805 564 1881 quae
589 1782 768 1856 direiiioni
791 1783 951 1855 numauae
976 1786 1233 1876 quodammodo

244 1886 402 1970 subsunt,
428 1906 469 1954 ac
492 1904 593 1955 extra
625 1881 739 1977 legum
770 1880 995 1978 obligantium
1019 1881 1232 1977 fruitiones,

245 1985 302 2055 vel
317 1984 419 2053 eriam
436 1980 494 2053 sub
512 1981 553 2052 iis
569 1978 749 2054 constituta
765 1982 991 2073 reperiuntur.

290 2078 320 2177 §-
350 2102 405 2173 73.
432 2078 630 2174 Aequiritur
657 2076 869 2165 Prudentia,
896 2075 954 2171 (1)
990 2076 1108 2152 nativa
1137 2082 1234 2178 inge-

247 2178 294 2250 nii
320 2178 489 2263 bonitate,
514 2177 572 2269 (2)
603 2174 752 2250 lenione
776 2175 1006 2267 scriptorum,
1039 2177 1114 2267 ejus
1137 2200 1236 2273 regu·

248 2278 296 2347 las
334 2275 615 2359 continentium,
649 2271 706 2368 (3)
747 2269 1008 2344 conversatione
1042 2293 1122 2343 curn
1153 2276 1238 2348 viris

249 2370 473 2464 prudentibus
507 2369 547 2441 dr
571 2367 757 2460 expertis,
799 2387 840 2439 ac
870 2366 924 2457 (4)
964 2367 1103 2459 propriu
1134 2395 1241 2464 expe·

247 2468 392 2550 rientiu.
418 2487 495 2563 quae
522 2487 604 2539 cum
628 2464 783 2537 bonitate
799 2460 921 2559 judicii
951 2481 1126 2563 utramque
1150 2466 1239 2544 facit

273 2588 420 2639 aurnum.

246 2592 324 2759 pp.
353 2684 409 2753 74.
441 2650 530 2736 Late'
557 2679 673 2733 autem
700 2678 794 2756 patet
823 2659 1028 2754 prudentia,
1059 2686 1137 2736 num
1164 2669 1237 2741 nul·

243 2763 318 2837 lum
350 2760 423 2834 fere
448 2759 499 2832 est
543 2757 734 2833 institutum
767 2761 983 2849 llumanum,
1017 2759 1109 2833 circa
1144 2764 1237 2857 quod

242 2861 366 2932 eadem
399 2858 466 2932 sese
496 2881 567 2932 nou
596 2855 749 2931 exserere
775 2877 891 2952 queat.
956 2860 1167 2955 Imperantes
1197 2862 1236 2937 ἃ

243 2956 396 3046 subdiri,
422 2980 487 3053 pro
511 2957 570 3031 suo
599 2955 723 3052 quique
748 2953 835 3030 statu
850 3010 863 3047 ,
896 2955 969 3051 ejus
994 2958 1118 3056 regulis
1148 2960 1236 3034 iudi·
1332 2980 1334 2985 ·

269 3074 339 3127 ent.

242 3079 321 3248 gp.
350 3175 409 3247 75.
442 3153 494 3228 Ex
522 3176 592 3249 quo
616 3153 744 3251 liquet,
779 3153 898 3249 quod,
924 3175 989 3248 pro
1017 3155 1149 3230 ratione
1172 3179 1236 3230 va·

246 3252 376 3347 riorum
418 3250 667 3348 objeilorurm
705 3248 850 3332 infinitae
880 3253 1133 3348 propemodum
1170 3251 1237 3325 srut

247 3348 438 3444 prudentie
463 3350 614 3446 species,
645 3349 807 3423 videntur
837 3369 952 3423 tamen
977 3352 1019 3423 ad
1046 3351 1118 3423 duo
1148 3348 1237 3419 lum·

247 3468 308 3518 ma
330 3469 456 3542 genera
480 3447 637 3520 revocari
662 3444 781 3542 polle,
806 3449 974 3521 Privatum
998 3444 1037 3520 ἃ
1063 3444 1235 3520 Publicium.
1344 3512 1347 3518 .

298 3543 330 3643 p.
357 3547 416 3638 76.
443 3541 579 3616 Privata
600 3543 781 3617 Prudentia
806 3544 887 3632 est,
922 3566 989 3640 qua
1017 3545 1091 3640 quir
1115 3543 1237 3618 utilita-

246 3646 318 3715 terb
341 3640 551 3730 innoxiam,
575 3662 640 3733 pro
668 3639 804 3714 ratione
828 3639 935 3715 status
959 3641 1028 3732 sui,
1051 3663 1237 3738 procurate

247 3739 348 3813 novit
367 3765 379 3828 ;
411 3736 551 3812 Publica
582 3759 670 3809 vero
689 3791 700 3823 ‚
733 3760 799 3831 qua
818 3736 920 3834 quit,
953 3739 1033 3836 quid
1055 3739 1234 3836 Reipubli-

249 3858 300 3908 cae
323 3837 511 3930 expediat,
548 3835 660 3933 probe
683 3834 862 3934 iutelligit,
888 3860 964 3933 quae
987 3837 1128 3933 proprie
1149 3838 1236 3912 Poli-

250 3939 314 4008 tica
337 3935 489 4023 dicitur,
524 3934 595 4013 vid.
633 3933 732 4010 Grot.
770 3937 806 4009 'dr
838 3936 879 4030 J.
905 3940 944 4014 ll.
969 3932 1013 4024 ἐξ
1037 3938 1080 4014 P.
1110 3938 1145 4009 iu
1161 3957 1237 4035 prt-
1364 4045 1369 4055 Ι

757 4130 872 4225 ”r
1118 4128 1238 4233 brr·

249 4034 362 4137 legum.
391 4032 420 4135 p
447 4054 507 4134 57.
