3000 5150
412 503 538 581 er.
577 504 605 575 Ι.
680 503 808 582 Cur.
845 500 895 582 V.
1072 526 1147 609 227·

151 675 202 752 sui
233 677 526 755 conservationem
561 677 669 750 homo
710 678 889 774 rapiatur,
932 704 1001 756 non
1038 682 1140 764 facile

149 777 388 868 presumitur,
430 784 528 853 talem
564 776 616 850 isti
645 778 892 873 obligationem
921 780 1137 877 impositam,

148 876 1136 975 fflmwmfflmdm&w.Qmmmm

147 992 217 1045 non
242 975 337 1046 Deus
362 978 494 1063 solum,
530 974 585 1046 sed
610 972 678 1061 dt,
716 972 772 1045 ubi
806 976 958 1047 materiae
985 982 1135 1071 gravitas

145 1071 304 1165 requirit,
332 1075 515 1165 imperium
542 1071 646 1147 civile
667 1092 735 1145 tam
760 1071 905 1169 rigidam
929 1077 1027 1147 nobis
1051 1080 1138 1165 obli,

146 1168 325 1263 gationem
353 1172 528 1268 injungere
550 1191 670 1264 queat,
698 1189 736 1243 ut
757 1192 849 1243 mors
875 1170 914 1243 srt
939 1169 1056 1264 potius
1072 1196 1135 1270 op·

146 1267 315 1358 petenda,
343 1293 443 1365 qnam
469 1273 576 1343 lutum
600 1292 747 1366 unguem
768 1270 809 1341 ab
825 1270 881 1342 illa
900 1268 1133 1348 discedamus:

146 1380 261 1436 tumen
290 1390 358 1439 non
390 1369 520 1464 semper
548 1388 618 1439 tam
640 1366 748 1463 rigida
777 1371 893 1463 legum
924 1367 1135 1463 presumitur

144 1461 1135 1563 ffllefflmmmmfflmffmwmffi

143 1576 215 1631 tutu
241 1563 396 1655 quaedam
424 1566 514 1638 inter
539 1561 697 1637 homines
729 1563 1018 1655 introduxerunt,
1050 1589 1133 1641 cum

144 1657 260 1751 utique
282 1661 422 1734 sulutem
454 1684 512 1737 aut
547 1662 828 1733 commoditatem
857 1663 1040 1733 bominum
1070 1686 1134 1757 pet

139 1776 182 1825 ea
197 1780 405 1850 promovere
416 1758 607 1843 voluerint,
636 1759 835 1855 regulariter
852 1763 898 1833 ob
915 1762 1034 1833 oculos
1050 1784 1131 1836 ceu·

139 1851 252 1925 sentur
275 1857 426 1932 habuisse
456 1858 689 1933 conditionem
720 1879 849 1930 naturae
878 1857 1056 1948 humanae,
1091 1858 1131 1937 dt

141 1974 243 2045 quam
269 1979 339 2027 non
364 1956 463 2051 polstt
484 1981 553 2031 non
573 1956 678 2029 homo
698 1956 855 2050 refugere
875 1955 912 2029 dt
935 1957 1070 2030 amoliri
1089 1961 1129 2033 il·

136 2046 1128 2148 h,maemmfflfflmfflmmmmmtlmmfflm

136 2145 251 2227 latitet
271 2156 379 2246 leges,
408 2153 563 2246 inprimis
580 2152 756 2247 pofitivae,
784 2148 821 2222 dt
842 2152 972 2246 quaevis
996 2150 1128 2223 institu-

138 2263 172 2313 ta
194 2245 343 2318 humana
362 2251 556 2341 judicantur
575 2251 735 2343 excipere
762 2248 875 2317 casum
903 2247 1128 2337 neceffitatis,

138 2339 194 2412 seu
218 2364 285 2413 non
311 2346 482 2441 obligare,
513 2348 649 2440 quando
676 2345 825 2436 ipl'urum
850 2342 1127 2418 observationem

136 2440 383 2514 comitaturum
409 2442 491 2520 esset
509 2443 656 2531 malum,
684 2444 871 2513 humanam
891 2462 1046 2513 naturam
1065 2442 1124 2516 de·

134 2533 284 2626 struens,
318 2562 375 2614 aut
402 2542 580 2615 communi
602 2540 784 2613 hominum
812 2536 1002 2612 constantia
1026 2540 1124 2636 supe·

123 2634 227 2722 rius,
262 2637 322 2710 nist
352 2641 533 2736 expresse,
569 2661 626 2714 aut
649 2659 791 2735 propter
821 2639 947 2733 negotii
969 2661 1124 2712 naturam

131 2731 195 2805 iste
220 2758 355 2832 quoque
379 2740 473 2812 casus
491 2738 532 2813 stt
550 2738 830 2831 comprehensus.
884 2737 989 2809 Unde
1001 2760 1122 2809 neces·

131 2828 207 2903 sitas
235 2857 304 2907 non
333 2836 366 2909 id
392 2839 530 2934 quidem
558 2833 685 2927 efficit,
722 2856 761 2909 ut
784 2833 913 2910 diresle
938 2838 993 2908 lex
1019 2833 1122 2926 poffit

131 2929 272 3022 violari,
300 2932 338 3007 uc
359 2959 542 3027 peccatum
561 2937 712 3010 admitti:
739 2935 793 3009 sed
813 2958 857 3008 ex
883 2933 1054 3007 benevola
1072 2937 1121 3007 le·

129 3025 332 3122 gillatorum
352 3055 489 3126 mente,
523 3036 687 3131 simulque
713 3054 843 3107 naturae
862 3032 1022 3104 humanae
1038 3056 1123 3104 con-

128 3124 331 3201 sideratione
357 3135 591 3226 praesumitur,
618 3135 732 3204 casum
761 3130 964 3203 necelsttatis
988 3129 1046 3198 sub
1073 3129 1121 3196 le·

127 3246 171 3315 ge
195 3227 399 3315 generaliter
421 3252 590 3326 concepta
617 3252 687 3299 non
713 3227 880 3297 contineri
896 3226 960 3320 (Ἴ.
991 3224 1120 3296 Exem-

127 3321 186 3414 plo
206 3341 277 3391 uno
297 3323 334 3394 dt
355 3327 461 3396 altero
479 3353 531 3400 res
549 3328 616 3400 erit
635 3324 847 3397 declaranda.

267 3437 299 3534 J.
324 3438 374 3513 N.
401 3435 443 3518 ὅ)
468 3441 511 3511 G.
538 3443 561 3514 l.
584 3465 637 3512 ιι.
662 3441 740 3513 nd.
765 3433 796 3531 d.
830 3429 1042 3636 1.&2.Q

1037 3556 1119 3608 uan-

124 3678 190 3739 nlm,
207 3690 262 3738 que
281 3693 328 3728 nor
343 3689 430 3736 urgere
444 3673 566 3736 pnll'umur
580 3675 605 3724 ln
635 3674 675 3733 jur
698 3671 771 3722 nobis
793 3671 914 3732 oompetlt
932 3671 1035 3727 coreudl
1057 3686 1117 3736 eor,
1206 3704 1210 3718 .

124 3745 229 3790 nollrrm
257 3745 492 3799 consertueonem,
519 3741 559 3788 atil
579 3744 605 3788 ln
636 3734 1117 3810 srpoffumus,aoauxiliaproellrndr,

124 3810 216 3852 eodem
232 3805 603 3865 staruaequepnstutrrepote·
635 3816 658 3852 e.
677 3815 699 3849 c.
732 3801 774 3858 qni
796 3801 821 3848 ln
842 3811 952 3874 exuetur
970 3812 1055 3857 rnopra
1074 3801 1118 3873 7³⁴

123 3880 189 3916 runt.
228 3873 250 3915 st
265 3884 326 3918 vern
347 3872 374 3917 iir
392 3883 439 3915 nun
460 3881 603 3928 premuntur
635 3865 688 3914 (lus
701 3864 832 3922 versetur,
848 3874 947 3920 eripere
961 3863 1041 3936 potet!
1056 3874 1113 3912 vitre

123 3932 318 3990 necessitatibus,
339 3932 459 3991 nobisque
481 3935 602 3990 denegent
633 3928 765 3978 necessarie
778 3928 842 3999 ‘citra
857 3929 950 4000 crimen
966 3925 1034 3973 sum.
1065 3925 1115 3989 Qui

123 3994 283 4053 suasurum,
307 3997 434 4043 detrabunt
448 3997 539 4054 aliquid
553 3996 602 4053 juti
633 3994 658 4041 in
682 3992 737 4039 allis
760 4002 816 4037 vite
845 3991 962 4049 periculis
988 3988 1113 4052 versatur,

122 4057 231 4118 nostro,
257 4059 279 4103 dt
302 4072 348 4117 pet
375 4060 529 4117 consequens
556 4072 602 4107 nor
633 4068 723 4115 cogere
750 4054 830 4112 potest
854 4053 916 4102 alios
938 4051 968 4099 nd
986 4051 1113 4127 lbbeundc

122 4123 214 4171 lanum
238 4120 311 4169 initur
337 4121 461 4177 nollium,
487 4124 529 4178 qui
551 4135 602 4169 non
632 4123 727 4168 leviora
752 4116 885 4176 pericula,
907 4113 1044 4175 molestias,
1066 4127 1112 4165 ue·

123 4195 215 4233 mutum
226 4188 329 4246 volunt,
351 4185 391 4232 sed
413 4183 543 4234 conferunt
566 4196 602 4231 et·
634 4183 770 4242 ceffitrter,
785 4179 922 4245 quodlln.
934 4172 973 4246 Sl.
984 4178 1114 4232 luuram.

120 4246 173 4303 lun
191 4246 299 4313 aliquid,
325 4260 351 4305 ut
364 4259 505 4314 perennar-
535 4245 603 4304 fflnc
630 4247 708 4304 loru.
733 4309 782 4373 Η
1072 4299 1114 4367 m
