3000 5150
370 505 446 584 1&
545 480 1098 571 Sureuunenuun
1149 483 1226 565 HL

375 677 443 757 da,
470 694 634 769 quorum,
661 670 694 741 in
718 666 802 752 ista,
823 669 914 760 quod
941 665 1085 741 intendit
1105 665 1188 739 vitae
1207 689 1357 759 genere,

379 774 453 845 usus
476 769 524 841 est
551 770 692 840 futurus.
758 768 865 857 Neque
891 769 930 836 au
951 767 1007 837 lter
1031 766 1216 859 obligatione
1235 765 1361 858 prorsus

378 866 572 961 imtnunesse
588 865 743 961 aslirnate
763 866 894 949 'ueuear‚
919 866 1025 955 quilrus
1041 865 1210 956 ‘benignior
1221 861 1362 955 fortuna

379 964 529 1056 indulfi,
565 978 598 1034 ut
622 966 702 1032 eitra
723 959 869 1056 questum
893 961 1045 1031 laboribus
1057 958 1129 1053 suis
1149 959 1363 1051 oortrpataturu

380 1067 480 1134 uitam
498 1083 589 1153 agere
610 1077 744 1151 queant:
772 1062 914 1150 quatruvio
935 1062 1015 1129 eninr
1039 1059 1071 1127 lri
1094 1058 1175 1127 nulla
1198 1060 1264 1150 lege
1287 1059 1364 1128 elrli·

375 1162 452 1253 gari
468 1161 649 1241 videantur,
670 1158 712 1227 al
735 1172 835 1225 artem
859 1159 993 1248 aliquam
1009 1154 1141 1248 eutasius
1165 1153 1259 1247 causa
1273 1178 1365 1225 ouer-

377 1257 525 1340 cendarn3
552 1269 694 1326 tenentur
707 1254 927 1338 niltiloruinusj
960 1276 1017 1323 non
1042 1269 1163 1322 tantum
1175 1247 1251 1345 suit
1273 1254 1365 1323 rebus

376 1354 572 1446 inuigilare,
615 1375 722 1442 eatqree
772 1352 936 1443 prudenter
974 1348 1216 1444 aartuiutstrare,
1261 1347 1276 1441 (
1291 1351 1368 1441 qnod

376 1448 475 1545 ipsum
492 1446 561 1539 stne
595 1450 697 1541 aliqua
723 1446 882 1541 disciplina
900 1445 974 1539 fieri
1003 1471 1061 1518 nen
1083 1446 1202 1542 potest)
1231 1444 1292 1542 seri
1323 1443 1365 1529 Β

379 1550 484 1639 aliqua
509 1550 669 1640 inportu,
710 1550 868 1617 Humana
892 1547 1072 1631 Societatis,
1102 1548 1254 1638 precipue
1278 1544 1365 1616 Cini-

374 1648 473 1730 tatis,
484 1648 571 1737 eujus
583 1642 660 1736 sunt
676 1644 829 1725 inumbra,
846 1639 888 1721 θ’
898 1643 1087 1725 Hominum,
1105 1645 1283 1734 quibuscum
1293 1664 1365 1714 uer·

368 1740 506 1838 santur,
536 1743 698 1814 conuiualis
718 1734 760 1819 i?
787 1741 997 1810 emolumentis
1011 1741 1225 1832 prmnovendis
1247 1743 1366 1811 intutu·

376 1841 469 1910 bere:
494 1838 572 1907 illud
590 1841 670 1907 enim
685 1855 834 1930 perquam
859 1839 1022 1929 indignum
1038 1835 1142 1929 foret,
1171 1855 1205 1907 ut
1223 1838 1365 1909 lautioris

369 1933 511 2030 fortuna
534 1936 694 2020 homines,
735 1938 786 2027 qui
805 1938 1005 2027 precatoris
1023 1935 1299 2031 Existimetieuem
1329 1959 1367 2007 oe

375 2033 603 2107 Aunertmum
632 2030 697 2124 fili
730 2035 922 2111 vendicant,
959 2034 1046 2103 nulla
1073 2030 1221 2105 Humano
1257 2036 1369 2106 Generi

378 2130 535 2203 commoda
559 2129 769 2226 prestarent,
791 2126 853 2224 sel
878 2128 970 2222 effent
992 2131 1116 2202 inutilia
1143 2146 1232 2202 terra
1255 2133 1369 2224 ponde·

378 2250 435 2313 ra,
457 2243 512 2297 aut
520 2224 619 2320 fuci,
647 2230 823 2299 alienorum
840 2230 977 2298 labarum
992 2225 1157 2321 fruiiibus
1176 2227 1367 2322 depascendis

376 2327 468 2397 nati:
491 2339 619 2409 contra,
649 2350 704 2418 quo
722 2328 826 2419 magis
847 2348 912 2420 pre
929 2327 1001 2395 aliis
1021 2329 1054 2396 in
1071 2330 1169 2418 pretio
1187 2328 1293 2397 lraberi
1313 2351 1368 2399 ett-

372 2421 537 2517 surenam,
561 2447 593 2495 eo
610 2427 711 2517 tnagis
718 2420 837 2517 soliciti
847 2421 903 2517 effe
917 2425 1040 2510 lebret,
1066 2439 1102 2494 ur
1115 2426 1277 2518 preclaris
1283 2424 1368 2518 suis,

377 2523 416 2590 in
434 2524 610 2611 proximos,
635 2526 667 2592 in
689 2523 853 2606 Patriam,
879 2526 912 2594 in
935 2523 1038 2594 Genus
1060 2522 1244 2611 humanum,
1275 2526 1367 2597 eolla·

380 2619 423 2688 tis
436 2617 608 2712 benefieiis,
630 2620 814 2713 peculiarem
831 2620 919 2691 illurn
936 2622 1077 2691 honorem
1097 2638 1255 2711 mereant,
1281 2647 1369 2715 quem

379 2715 481 2801 alias,
517 2733 550 2784 ut
590 2719 636 2785 uis
660 2718 818 2795 natalibus
834 2720 886 2789 vel
898 2716 1041 2811 fortune
1064 2720 1218 2807 debiturn,
1234 2717 1368 2813 frullra

379 2816 610 2902 arrogaverint.
671 2816 745 2883 Cum
776 2818 878 2906 iraque
904 2818 1107 2908 locupletioris
1127 2815 1274 2909 fortune
1300 2819 1366 2890 Ho-

378 2908 533 2995 minibus,
563 2929 631 3000 prae
655 2913 745 2997 aliis,
780 2904 822 2988 ἐξ
848 2916 969 3001 etitem,
999 2909 1042 2994 &⁹
1063 2916 1128 2985 alia
1140 2913 1291 3012 studendi
1313 2918 1368 2988 ad·

379 3005 551 3083 minicula,
576 3006 634 3093 sua
649 3006 720 3101 sors
737 3005 935 3101 solomonium
960 3035 1014 3081 nea
1035 3037 1095 3084 non
1114 3015 1274 3107 gravioris
1303 3038 1367 3085 mo·

379 3105 474 3171 ruenti
498 3099 601 3196 officia
619 3131 696 3199 erga
713 3108 946 3200 Rotnpullieem
961 3110 1128 3206 preliandi
1154 3112 1282 3203 (quibus
1297 3109 1367 3204 fine

345 3200 560 3294 ‘multifaria
592 3230 694 3275 rerum
728 3209 896 3298 cognitione
938 3210 997 3280 rite
1032 3206 1162 3304 defungi
1194 3231 1254 3281 uon
1284 3225 1367 3304 pote·

378 3303 478 3389 runt)
514 3300 696 3393 oeeafionetn
723 3306 928 3396 polliceatur3
969 3308 1107 3376 dubitari
1138 3309 1256 3401 nequit,
1297 3311 1367 3401 quin

380 3398 460 3466 tales
493 3397 549 3490 (st
574 3404 658 3471 molo
694 3419 810 3472 nanno
848 3406 958 3474 lanam
992 3418 1149 3491 ruentem,
1191 3430 1285 3498 quam
1314 3404 1368 3492 sobi

382 3493 477 3583 deesse
502 3502 647 3589 perpetui
670 3517 857 3592 queremur,
892 3526 949 3573 nan
975 3502 1198 3594 denegaverit)
1232 3505 1275 3574 ad
1291 3503 1366 3574 mul·

377 3594 510 3682 tiplieetu
521 3591 689 3684 scientium
705 3599 921 3688 atqtrr'renu'utn
947 3596 1103 3693 adspirare
1129 3601 1271 3674 debeant.
1296 3599 1366 3672 .Vt·

377 3688 564 3881 &roffi-6
576 3696 618 3766 de
647 3693 825 3767 lunello-eiu
854 3697 1040 3786 Humum,
1080 3695 1157 3772 Lilr.
1190 3697 1254 3774 IV.
1294 3698 1365 3793 Cap.

379 3985 1357 4029 Μ-
