3000 5150
242 480 267 554 6
425 469 977 549 Snernonnnruu
1026 464 1054 542 L

289 646 366 719 XII.
393 647 523 719 Nemini
550 650 649 743 igitur
678 648 828 740 imputari
853 642 970 739 poffnnt
1015 644 1069 716 nel
1099 640 1237 715 Neces-

240 746 346 833 saria,
368 744 564 840 quoolfiant,
592 748 644 816 vel
669 744 905 834 lmpoffibilin,
940 745 1097 839 quodlnon
1114 740 1233 835 fiant:

238 848 289 914 ubi
314 858 420 914 tannen
450 866 487 913 eo
509 841 576 931 fiola
601 862 656 936 pro
684 840 856 935 necessariis
878 842 1015 911 babendo
1031 836 1133 932 sunt,
1166 858 1237 931 qnae

231 940 316 1037 ficunt
328 997 336 1026 ,
348 937 610 1032 succenserent,
624 938 687 1021 due
704 943 802 1026 nolit;
825 962 883 1014 non
898 940 959 1034 isla
971 940 1092 1033 omnio,
1112 937 1156 1006 ad
1168 959 1237 1028 quse

238 1040 396 1111 nolendum
416 1060 499 1107 orrens
515 1032 683 1129 efficaciter
706 1038 950 1107 determinatur:
970 1039 1091 1128 pariter
1109 1056 1147 1104 ea
1159 1033 1237 1126 sola

241 1138 291 1208 lric
313 1136 437 1206 dicenda
453 1132 531 1227 sunt
556 1132 775 1228 impsssibilia,
796 1158 881 1226 quae,
897 1133 970 1227 five
987 1136 1055 1226 quis
1072 1132 1171 1216 velit,
1187 1126 1235 1221 ſs·

205 1259 208 1267 '
241 1256 279 1309 tte
294 1236 387 1316 nolit,
403 1255 463 1303 non
474 1232 582 1325 finnt3
606 1231 840 1322 haudquaquam
867 1236 991 1314 ornnia,
1008 1232 1051 1300 ad
1062 1251 1132 1323 ,qna
1147 1225 1237 1321 serio

164 1349 170 1362 ²
243 1331 401 1403 volendum
424 1326 577 1421 requifltis
598 1324 842 1419 dispositionibus
864 1350 949 1402 mens
966 1327 1157 1418 desiitnitur.

293 1521 388 1596 Xlll.
414 1522 477 1593 Sed
500 1536 533 1590 nt
556 1520 647 1591 Attio
671 1525 787 1614 queuis
809 1525 966 1611 bumana,
992 1522 1046 1613 uel
1061 1527 1130 1616 esus
1146 1522 1240 1593 ornis·

240 1622 291 1715 so
336 1621 543 1711 constituatur
578 1618 656 1687 ablu
683 1622 855 1711 moralis,
893 1640 985 1714 arque
1016 1620 1089 1691 adeo
1122 1619 1240 1692 bomini

247 1719 459 1814 imputabilis,
492 1733 527 1786 nt
550 1715 642 1785 bona
666 1718 718 1787 uel
739 1720 850 1805 mata,
881 1740 936 1813 per
958 1716 1056 1809 supra
1075 1719 1158 1788 libia
1190 1738 1242 1787 ae·
1278 1732 1301 1753 ⁴

247 1820 349 1891 cedere
384 1814 468 1885 debet
498 1816 571 1884 Lex
608 1816 756 1885 cilionem
792 1816 888 1910 siam
908 1818 1087 1911 precipiens
1112 1815 1165 1886 vel
1187 1836 1243 1885 oe·

250 1935 345 2000 tans,·
372 1912 441 1982 Des
459 1912 608 1981 nimirum
625 1912 788 1998 voluntas,
811 1916 931 2006 qualem
950 1912 980 2007 5
1004 1936 1060 1984 10.
1084 1908 1245 2008 descripfi·
1277 1937 1281 1944 ·

250 2033 319 2083 rocus
359 2010 475 2080 idoneis
498 2010 657 2079 declarata
674 2010 818 2096 indiciis3
850 2015 891 2081 iis
910 2008 960 2104 sc.
987 2012 1185 2104 circo-auce,
1211 2022 1245 2076 ut

250 2102 294 2191 δ’
311 2111 393 2181 circe
411 2103 612 2192 enislentiarn
640 2108 868 2196 conditionum,
902 2131 977 2204 quos
996 2103 1088 2200 sorte
1112 2129 1149 2177 ea
1171 2105 1245 2177 Leu

242 2201 410 2306 supponit,
440 2201 562 2297 souis
587 2206 705 2277 ratione
718 2203 784 2298 sua
805 2208 884 2279 rebbo
909 2201 951 2286 ἐξ
975 2206 1079 2276 debita
1105 2227 1176 2276 cum
1197 2218 1249 2274 at·

251 2307 389 2379 tentione
405 2317 561 2389 uteretur,
585 2325 625 2373 en
646 2306 685 2372 iis
701 2303 785 2377 Dec
807 2304 1018 2392 uoluntatem,
1056 2304 1157 2396 rbiqtu
1167 2304 1248 2396 suu·

255 2419 291 2476 tc
312 2425 382 2474 eom
409 2402 467 2472 lonc
486 2399 519 2468 in
532 2417 624 2493 parte
643 2402 818 2473 incumbens
834 2398 994 2495 epsicium,
1020 2396 1115 2495 posset
1140 2419 1253 2494 cogno·

245 2500 346 2600 scere.
400 2497 463 2567 His
475 2492 524 2589 se.
544 2495 649 2588 postis
672 2501 812 2590 indiciis,
849 2500 951 2571 Homo
973 2513 1009 2569 ut
1034 2499 1165 2571 allionis
1180 2495 1252 2590 sne

257 2597 466 2669 moralitatem
509 2615 568 2664 non
590 2592 662 2684 fine
700 2598 790 2689 culpa
817 2598 990 2689 ignorare,
1022 2599 1069 2667 ita
1093 2594 1127 2691 fi
1157 2595 1253 2696 islam

258 2697 407 2766 abionem
437 2686 583 2782 exserat,
617 2692 650 2760 in
684 2714 856 2764 connexam
886 2696 1014 2789 quoque
1030 2694 1253 2767 'moralitatem

257 2788 471 2886 quodammodo
485 2785 651 2880 corrscntire
672 2790 717 2888 esl
737 2788 914 2886 censendos.

308 2982 409 3058 XIV.
445 2984 500 3057 Ec
524 2985 571 3055 lois
593 2987 820 3081 intelligimus,
850 2990 988 3084 cujusvis
1010 2988 1123 3086 nosbrae
1146 2985 1255 3059 libera

259 3085 420 3169 Abionis,
453 3085 505 3154 vel
531 3082 712 3180 Omssconis
736 3085 980 3171 Moralitotom,
1013 3085 1114 3185 posta
1137 3086 1256 3178 Lege,

263 3208 303 3259 en·
321 3186 421 3255 tribus
434 3178 510 3275 fere
532 3186 683 3274 capitibus
707 3181 766 3277 effe
789 3183 1027 3279 aeftisnandarn:
1062 3185 1179 3257 Primo
1204 3179 1256 3276 sc.

261 3307 302 3358 eu·
327 3300 506 3352 momento
527 3282 619 3372 ejtrs,
636 3284 727 3375 quod
751 3284 861 3379 agitur
884 3301 943 3352 aut
964 3284 1163 3369 omittitur,
1187 3297 1258 3352 turn

182 3384 185 3395 '
261 3400 296 3455 nt
319 3386 352 3452 in
366 3378 400 3470 so
406 3375 563 3475 spellati,
596 3398 661 3451 tum
683 3396 719 3452 ut
740 3381 847 3474 vesliti
875 3384 1011 3454 omnibus
1033 3381 1102 3470 istis
1121 3383 1259 3453 circurn-

254 3480 412 3581 slantio's,
444 3500 512 3570 que
538 3478 616 3548 illud
635 3481 691 3579 bio
712 3474 755 3560 [d
781 3502 861 3551 nnnc
885 3485 1060 3573 agendum,
1089 3481 1143 3551 nel
1165 3479 1262 3549 omis·

233 3609 235 3614 ·
263 3573 527 3671 tendoomsuadese
550 3575 692 3672 poffient:
718 3577 878 3651 Secundo
901 3600 941 3648 ex
963 3580 1069 3653 modo
1094 3575 1134 3650 δι
1159 3595 1262 3647 men·

265 3677 341 3750 sura
364 3675 602 3770 cognitionis,
635 3700 726 3770 qnam
756 3681 823 3771 quis
846 3679 956 3768 babet,
1002 3680 1039 3752 de
1064 3677 1183 3749 albione
1213 3672 1267 3745 vel

270 3771 423 3869 osnrffionc
436 3768 501 3864 sua
526 3778 683 3849 moraliter
701 3774 922 3869 confideratc,·
954 3782 977 3855 i.
1003 3804 1030 3850 e.
1058 3780 1094 3848 de
1122 3774 1189 3867 lege
1217 3766 1265 3852 δ’

268 3871 608 3966 circumstantiismodo
622 3875 743 3948 diibios.
761 3875 884 3949 Tertio
906 3895 947 3943 ese
969 3876 1100 3968 majore
1121 3873 1179 3943 vel
1196 3870 1264 3942 mi·

269 3987 356 4042 nore
386 3967 592 4062 voluntatis,
623 3973 657 4045 in
677 3975 711 4045 id
736 3972 817 4069 quod
842 3969 973 4070 agitur,
1005 3966 1271 4141 propensione}
1282 4042 1288 4053 ,

1214 4091 1253 4145 vs
