3000 5150
254 528 305 609 14·
453 506 642 585 Gorrt.
684 499 841 581 Gutu.
879 502 1042 586 Trttr

258 701 461 785 competere
482 684 626 771 debeat,
654 679 736 756 iliud
759 705 805 757 ex
832 682 1015 759 voluntate
1040 682 1249 786 imperantis

256 789 483 887 repetendum
505 782 567 861 est.
659 852 661 856 ,
925 803 936 893 g
1252 783 1254 787 ’

312 886 342 984 ς.
373 905 429 980 17.
462 884 616 960 Materia
639 879 713 954 sunt
741 882 834 978 leges
861 880 1025 972 divmae,
1063 890 1250 986 naturales,

261 989 365 1066 etiam
386 984 568 1083 religioso,
597 981 694 1073 (uid.
718 977 748 1076 i.
777 985 838 1074 7.)
862 982 901 1054 tit
923 978 1064 1073 pofitiuae
1086 989 1250 1087 uniuersa.

259 1091 304 1161 Ios
316 1087 467 1184 politica,
491 1085 651 1182 quamvis
666 1079 846 1152 denarum
861 1079 1042 1155 existentia
1063 1083 1180 1161 adhuc
1201 1094 1250 1167 di.

259 1188 389 1285 sputari
414 1204 534 1283 queat,
562 1204 599 1257 ut
622 1178 681 1251 suo
704 1176 784 1248 loco
813 1178 1022 1251 videbimus.
1086 1181 1174 1258 Illud
1199 1193 1251 1265 in.

259 1288 360 1361 terim
377 1306 531 1369 eertum,
557 1278 670 1378 quod,
688 1273 840 1387 his-iicet
858 1275 1005 1351 adnoffis
1015 1332 1027 1369 ,
1050 1277 1119 1356 iiiae
1132 1304 1248 1366 tamen

259 1401 421 1460 maneant
444 1378 623 1473 objeiium
645 1377 846 1470 prinopate.

307 1482 338 1579 §.
369 1486 424 1558 18.
451 1479 545 1550 Dum
566 1491 683 1548 autem
701 1477 793 1571 leges
818 1474 1054 1566 nominamus,
1081 1475 1165 1555 ideo
1187 1482 1249 1559 ho.

259 1581 368 1656 mines
387 1634 397 1667 ‚
422 1577 560 1673 negotia
584 1574 731 1647 humana
753 1573 903 1669 aliasque
930 1598 1003 1663 ret,
1030 1578 1073 1652 ad
1093 1600 1181 1673 quat
1204 1586 1249 1656 le·

259 1699 322 1777 get
352 1675 556 1775 respiciunt,
584 1695 654 1746 nou
673 1674 905 1758 excludimus,
930 1676 1012 1770 quin
1037 1679 1152 1773 potius
1175 1683 1250 1755 haec

258 1778 375 1851 omnia
391 1793 532 1853 eatenus
548 1770 650 1846 etiam
669 1769 842 1867 objeiium
865 1772 1149 1868 jurisprudentia
1165 1801 1248 1853 con-

257 1874 446 1962 stituimus,
470 1889 639 1969 quatenus
655 1867 749 1966 leges
769 1870 900 1944 divinae
918 1873 961 1945 de
980 1872 1021 1947 iit
1036 1875 1164 1975 aliquid
1181 1880 1249 1952 dit·

256 1993 404 2072 ponunt.

305 2072 337 2171 ἦ.
375 2094 429 2163 19.
471 2066 688 2167 Aequirimut
715 2067 829 2167 legum
862 2065 1057 2144 divinatum
1090 2073 1251 2152 notitiam

283 2195 321 2245 er
353 2171 546 2258 Rationem,
585 2185 775 2265 commune
808 2167 965 2239 omnium
994 2167 1252 2263 disciplinatum

256 2195 486 2343 inmoramur
515 2267 724 2361 principium
754 2264 1022 2365 &subjeetum
1081 2270 1252 2347 Hauritur

256 2381 373 2442 autem
395 2361 450 2443 iiia
473 2385 517 2440 ex
538 2368 669 2440 Natura
689 2366 728 2447 ἀ
753 2366 845 2462 apud
866 2363 1074 2442 Christianos
1092 2368 1151 2441 suo
1174 2396 1250 2444 mo·

255 2467 303 2541 do
327 2487 371 2541 ex
387 2468 488 2550 Soctja
502 2466 684 2557 Scriptura.
741 2462 777 2535 A
801 2465 953 2563 genuino
975 2464 1046 2540 hue
1071 2467 1249 2569 principio

254 2566 379 2641 dicitur
401 2563 500 2640 Ratio
516 2564 615 2634 tutia.

252 2742 259 2755 ,
300 2663 331 2765 i.
359 2686 416 2740 20.
440 2661 569 2734 Eorum
595 2658 799 2751 confilium,
834 2662 892 2757 qui
916 2665 1103 2739 veritatem
1132 2668 1250 2766 legum

254 2764 459 2839 naturalium
483 2780 529 2833 ex
551 2759 585 2830 S.
599 2755 709 2832 iitetis
728 2759 831 2834 unice
852 2763 959 2859 repeti
986 2764 1125 2860 jubent,
1150 2766 1248 2863 (vid.

252 2861 396 2940 Boeeier'.
431 2861 476 2932 od
498 2859 584 2931 Grut.
614 2855 741 2955 Μαί.
765 2857 814 2934 'Gt
841 2858 876 2934 in
908 2864 1095 2939 Oeconomiu
1112 2916 1124 2954 ,
1144 2883 1179 2960 p.
1204 2889 1248 2942 m.

240 2963 321 3059 ·4.)
347 2955 578 3033 inconsultum
594 2957 726 3031 censeri
739 2957 860 3033 debet:
887 2957 1058 3035 Naturam
1073 2964 1167 3036 enim
1189 2987 1250 3038 ne·

255 3060 399 3158 gligere'·
418 3055 469 3132 est
493 3054 773 3152 iugratitudinem
804 3080 887 3154 erga
919 3059 1119 3135 Creatorem
1151 3085 1250 3136 com·

255 3161 414 3247 mittere,
438 3155 689 3228 commercium
717 3172 798 3228 uum
824 3157 896 3231 aliis
924 3159 1084 3257 gentibus
1108 3162 1249 3236 'abrum-

254 3280 340 3357 pere
351 3308 366 3348 ,
389 3276 430 3330 ac
448 3248 663 3328 naturalia&
683 3252 831 3353 po'fitiua
845 3254 1067 3332 confundere.

305 3353 336 3454 5.
365 3375 422 3428 21.
457 3353 548 3427 Finit
565 3353 847 3448 Jumpmuemia
867 3352 1000 3429 diuinae
1031 3355 1082 3431 est
1101 3358 1246 3456 triplex:

256 3452 315 3551 (1)
350 3474 385 3528 ut
407 3451 608 3552 cognitione
633 3451 746 3550 legum
769 3451 985 3545 divinarum,
1027 3455 1250 3537 ostendendae

254 3551 429 3626 titionum
448 3550 818 3641 monum-notamur,
830 3551 937 3653 vidi.
953 3575 1008 3648 13.
1031 3553 1249 3656 (2)cogoitis

254 3650 387 3748 legibus
413 3651 565 3724 titiones
589 3648 719 3724 nostras
749 3670 1043 3746 attemperemus,
1075 3675 1176 3755 atque
1198 3659 1248 3735 ita

253 3745 398 3829 virtuosi
415 3749 631 3837 evadamus,
652 3749 698 3821 'ac
734 3750 796 3848 (3)
825 3751 890 3823 hac
904 3753 1038 3825 ratione
1059 3757 1247 3854 tranquilli·

252 3866 303 3922 tat
332 3843 371 3922 &
390 3846 574 3921 ’beatitudo
598 3847 714 3925 civilis
742 3847 1247 3932 martoniaco—conservetur

251 3966 296 4021 ac
313 3942 571 4041 promoveatur.
607 4018 611 4023 .
717 3980 720 3985 ·
1096 3948 1102 3960 ‘

300 4043 332 4158 5.
357 4064 416 4119 22.
437 4041 1015 4140 intendit-autem·Jurisprudentia
1030 4049 1147 4126 divina
1172 4051 1245 4127 vir·

250 4160 334 4227 tutu
354 4142 586 4234 exercitium,
612 4141 648 4218 io
667 4141 937 4240 umdu'quidem
955 4145 1087 4247 sutilium·
1099 4204 1110 4244 ,
1138 4150 1245 4324 jusxta

259 4272 265 4283 ”
1180 4270 1242 4328 Cor
