3000 5150
483 220 493 247 Ι

389 462 465 556 sod
559 457 919 551 DnOr'ricio
969 431 1224 551 'ildririrt‘s'

239 643 448 772 ggsgfflggsibi
482 670 612 726 mature
653 648 793 723 innoxia
828 647 1040 723 munimenta
1078 650 1369 749 circumponunt}

238 783 350 846 spretore
389 772 498 848 puta,
531 751 658 822 aditum
689 746 921 843 praestruendo
958 746 1094 823 hostilia
1130 754 1371 845 molientibus,¹

238 850 349 960 2233
388 873 482 924 arma
516 848 679 942 virosque
702 844 965 940 comparando,
1003 847 1109 919 socios
1134 851 1373 947 atljungendm

236 987 328 1034 poten·
354 950 531 1024 ·aliorum
559 963 701 1018 conatus
736 941 919 1037 vigilanter
954 943 1196 1035 observando,
1234 950 1273 1024 de
1300 952 1377 1045 quae'

237 1036 459 1160 {ffiffugffijstmt
489 1044 616 1116 similia.
667 1041 803 1113 Verum
827 1039 890 1111 ista
916 1040 1078 1132 suspicio,
1107 1065 1182 1116 orta
1211 1070 1258 1121 ex
1281 1068 1376 1121 corn·

238 1172 289 1223 que
309 1164 339 1212 ..ι
387 1145 484 1216 muni
505 1142 682 1213 bominum
701 1140 847 1226 malitia,
875 1159 944 1210 non
961 1137 1101 1227 sufficit,
1129 1162 1167 1214 ut
1181 1143 1242 1215 sub
1255 1146 1378 1218 obteri-⁴

238 1225 334 1338 ff·
386 1262 422 1316 tu
445 1236 650 1313 defenlionis
672 1257 758 1308 meae
787 1237 932 1308 alterum
958 1238 1046 1307 ultro
1069 1240 1173 1311 armis
1191 1242 1371 1335 opprime·

382 1364 421 1413 re
444 1337 592 1435 possim,
627 1358 670 1406 ne
696 1335 832 1428 quidem
867 1330 891 1404 st
921 1334 1109 1426 potentiam
1135 1335 1244 1430 ipsius
1273 1339 1369 1414 nimis

381 1437 523 1533 gliscere
543 1435 680 1507 videam
701 1432 788 1525 (a');
815 1430 1000 1523 praesertim
1025 1434 1085 1505 ubi
1108 1437 1257 1516 eandem
1273 1436 1368 1512 innu'·

382 1537 441 1610 xia
462 1532 642 1618 industria,
678 1550 735 1601 aut
760 1553 821 1623 per
846 1529 1089 1624 benignitatem
1111 1528 1198 1621 fati5
1230 1535 1371 1610 citrea.

381 1629 507 1706 linium
541 1626 796 1725 oppressionem
810 1682 827 1712 ,.
855 1626 1041 1700 adauxerit.
1100 1627 1195 1729 Quin
1222 1632 1248 1704 si
1279 1633 1369 1729 quis,

338 1810 343 1819 ,
380 1754 506 1826 praeter
537 1729 736 1801 facultatem
764 1725 832 1820 (l)
865 1724 1043 1813 nocendi,
1079 1731 1187 1800 etiarn
1211 1731 1369 1804 volunta·

382 1848 455 1900 tem
479 1825 655 1913 ostendet,
689 1845 760 1894 non
790 1822 928 1919 quidem
961 1821 1121 1896 adversus
1145 1848 1233 1911 me,
1261 1829 1316 1902 sed
1339 1854 1372 1903 a·

380 1926 484 2011 lium,
511 1947 579 1995 non
599 1923 679 1994 ideo
699 1919 811 1992 statim
838 1942 918 1992 meo
937 1921 1078 1994 nomine
1099 1946 1180 1995 eum
1207 1925 1369 2000 invadere

381 2024 470 2096 ultro
493 2019 625 2119 possum
651 2018 721 2116 (n);
747 2017 809 2093 nisi
835 2019 877 2092 ad
900 2019 1063 2095 auxilium
1088 2021 1209 2115 alteri,
1239 2025 1295 2121 qui
1320 2025 1373 2096 ina

1278 2122 1365 2219 juste

414 2327 457 2397 (a)
470 2323 547 2384 Nimis
558 2322 650 2396 gliscere
670 2325 755 2381 videm
765 2328 787 2395 ].
822 2333 859 2381 Ex
889 2332 911 2393 S.
927 2344 951 2392 4.
965 2328 1081 2382 Tnml'llli.
1097 2329 1130 2382 ed
1145 2325 1210 2384 ciue.
1228 2324 1257 2384 ἱ.
1274 2337 1305 2388 II.
1320 2351 1378 2388 e.1.‘

379 2399 450 2447 metu
466 2397 600 2446 crescentis
622 2397 739 2455 potentiae
760 2396 860 2444 alterius
891 2392 915 2455 p.
931 2407 969 2451 17.
986 2399 1141 2446 scirnnnocir
1155 2400 1183 2446 da
1195 2398 1250 2459 offic.
1267 2417 1287 2449 e.
1300 2403 1373 2451 liin.

378 2474 431 2511 non
445 2461 524 2509 stetim
545 2459 583 2516 ius
597 2460 669 2508 nobis
683 2458 805 2506 enascitur
823 2460 860 2507 in·
890 2472 914 2519 9.
934 2472 971 2509 ro.
1008 2460 1180 2519 comprobent
1200 2464 1271 2510 istum
1290 2464 1379 2523 egendi·

380 2524 501 2584 clpiendie
544 2524 660 2571 violentie
696 2522 859 2571 defensionis:
892 2523 992 2571 moduni
1018 2523 1107 2583 populi
1136 2524 1372 2589 septemtrionales,

379 2589 491 2637 nondum
507 2586 571 2634 enim
583 2585 693 2646 potentie
706 2587 806 2634 alterius
816 2598 860 2645 po·
891 2587 933 2644 qui
944 2586 1131 2636 excrescentem
1147 2589 1276 2638 Rulsorum
1288 2606 1373 2650 poren-

378 2651 424 2701 test
439 2653 587 2711 preparatio
603 2649 650 2697 dici
670 2649 701 2696 ad
713 2663 759 2697 nos
769 2650 860 2697 laeden·
891 2651 952 2698 tium
967 2661 1058 2698 attente
1074 2652 1097 2699 dt
1113 2650 1213 2710 vigilate
1231 2654 1377 2714 circumspi·

378 2715 440 2772 dos,-
457 2715 481 2761 &
496 2716 556 2760 licet
574 2713 662 2760 exinde
678 2712 815 2771 periculum
835 2711 861 2759 in
891 2713 972 2772 ciunt,
994 2713 1067 2771 eique
1090 2725 1142 2762 non
1164 2714 1240 2763 stetim
1264 2718 1371 2776 bellum,

377 2790 425 2826 nos
436 2777 573 2822 redundare
587 2777 666 2833 polit:
682 2788 764 2822 tumen
778 2777 819 2822 nifi
835 2789 860 2822 a·
892 2777 934 2824 sed
945 2779 1054 2825 cautiora
1067 2779 1140 2836 longe
1152 2777 1284 2828 securitatis
1294 2780 1368 2828 admi·

307 2842 309 2847 '
376 2836 413 2888 lia
429 2839 547 2885 accedant
566 2839 642 2896 signu
663 2837 707 2898 (1)
724 2850 802 2886 metus
817 2838 861 2885 ilie
891 2840 1003 2888 nicolao
1024 2851 1125 2898 ponunt.
1157 2841 1272 2890 heum.

379 2902 458 2950 adbuc
470 2902 586 2947 moraliter
609 2900 644 2946 est
664 2901 795 2957 incertus,
819 2901 862 2959 qni
927 2903 967 2963 (i)
1015 2909 1052 2951 oin
1063 2902 1259 2966 μίμων
1268 2905 1369 2966 siculie-

379 2963 555 3013 decedentibus
574 2963 647 3009 variis
668 2964 800 3015 momentis
814 2964 861 3010 cir·
892 2966 956 3028 ten}
988 2967 1102 3015 Defensio
1119 2966 1229 3014 violenta
1247 2969 1296 3015 bec
1311 2969 1366 3016 cesti

379 3025 554 3081 cumstantibus
567 3027 591 3072 ln
607 3037 701 3073 certum
720 3025 796 3073 facile
810 3027 861 3074 abi·
892 3032 1008 3088 quidem,
1031 3027 1127 3091 proptio
1149 3032 1249 3077 nomine
1267 3031 1366 3078 nonest

379 3101 409 3140 re
433 3089 530 3150 potest;
552 3092 662 3137 nondum
690 3100 772 3136 temen
793 3090 860 3138 abire
892 3093 1060 3152 suscipienda,
1074 3091 1188 3141 elieuero
1202 3091 1366 3152 estquaellim

379 3156 472 3205 debet:
498 3152 555 3214 (n)
577 3152 731 3202 cautionibus
753 3152 861 3203 innoxiis
893 3170 923 3204 nn
939 3171 989 3205 uon
1010 3157 1137 3216 oppresso,
1152 3168 1184 3203 ex
1201 3159 1255 3213 lege
1273 3158 1376 3205 sociali·

379 3218 454 3267 nobis
470 3217 603 3278 providere
620 3217 758 3277 possumus,
775 3230 802 3265 ut
816 3230 860 3277 po-
891 3219 961 3278 totis,
977 3219 1120 3268 succurrere
1136 3224 1237 3268 teneetl
1252 3233 1324 3277 quam
1342 3221 1370 3268 li·

380 3283 464 3331 tentiae
482 3281 602 3329 crescenti
621 3280 756 3337 potentiam
780 3295 860 3340 oppn-
893 3294 931 3329 cet
947 3282 1024 3330 Astur
1036 3296 1124 3342 neget,
1141 3283 1221 3332 addita
1236 3284 1330 3343 duplici
1344 3284 1379 3332 li·'

304 3398 307 3406 ¹
380 3346 643 3404 namustquudalter
664 3344 861 3403 aeprcferreju·
893 3347 1034 3405 miratione,
1053 3346 1143 3395 rectius
1163 3359 1246 3396 temen
1272 3349 1372 3396 offirmt-

380 3408 416 3456 lie
432 3422 482 3457 non
497 3408 591 3466 potest.
606 3422 681 3466 quum
697 3421 747 3455 non
760 3409 862 3457 laedatur
892 3421 946 3467 tur,
970 3410 1038 3465 juxta
1060 3410 1173 3458 indolem
1197 3410 1292 3458 scilicet
1311 3418 1379 3470 pres

378 3476 430 3521 ulla
445 3471 549 3519 ratione.
583 3472 631 3518 Ubi
648 3483 730 3519 tamen
747 3472 861 3520 crescens
894 3471 959 3531 cepti
978 3472 1131 3528 affirmantem
1149 3487 1204 3531 que
1220 3474 1286 3522 eninr
1301 3476 1326 3521 lo
1338 3477 1371 3520 el·

377 3535 565 3595 potentiacum
586 3535 667 3582 animo
691 3534 801 3581 nocendi
820 3537 860 3583 hn-
891 3548 969 3583 tetam
988 3549 1082 3593 panem
1105 3537 1257 3597 afferuntur,
1274 3540 1292 3585 1.
1307 3538 1337 3584 ll.
1350 3552 1378 3587 n·

381 3599 468 3647 clcnus
479 3599 565 3653 utravis
580 3598 860 3659 occaliunodeclarnto,
893 3611 916 3654 5.
930 3601 953 3661 ς.
971 3600 995 3647 6.
1010 3600 1105 3647 leviore
1121 3601 1190 3660 sunt,
1205 3611 1280 3658 qoem
1295 3612 1319 3647 ut
1335 3611 1369 3645 it·

380 3674 437 3711 cuin
455 3662 506 3709 aliis
520 3661 587 3719 signis
600 3665 752 3709 voluntatem
766 3674 860 3709 noccn·
892 3663 958 3710 tondi
984 3675 1143 3710 mereantur:
1174 3677 1230 3721 que
1258 3674 1312 3710 cum
1338 3661 1377 3711 ite'

380 3727 406 3773 di
433 3725 643 3784 exprimentibus,
672 3737 727 3771 cum
755 3724 859 3772 circum·
892 3729 955 3786 lint,
982 3728 1073 3784 duplex
1095 3725 1212 3774 Auctoris
1237 3723 1372 3782 limitatio,

378 3788 471 3836 slantiie
484 3802 530 3835 nos
544 3791 584 3834 vcl
600 3789 680 3834 nostra
693 3786 746 3843 jure
764 3792 804 3834 vel
815 3790 859 3836 sce·
891 3803 937 3848 por
952 3790 1053 3835 modum
1072 3786 1256 3848 ampliationis,
1273 3788 1371 3837 euobis

378 3854 478 3898 deretos
496 3851 642 3899 laedentibus
662 3853 687 3897 sit
709 3849 858 3908 conjunctu
891 3852 1034 3909 accipienda
1047 3852 1107 3913 crit,
1123 3855 1177 3900 edd.
1190 3854 1291 3901 vlllbert.
1302 3855 1380 3910 canpe

377 3922 457 3962 metus
473 3917 515 3961 illc
529 3913 578 3968 jam
597 3925 677 3960 certus
692 3914 750 3973 erit,
771 3917 792 3962 &
808 3927 858 3962 nott
890 3918 945 3977 Jur.
964 3913 1051 3964 Nalot.
1061 3929 1087 3977 p.
1104 3918 1136 3966 11.
1151 3932 1171 3965 e.
1186 3928 1209 3973 3.
1229 3913 1254 3976 p.
1266 3928 1307 3973 ει.
1330 3915 1373 3965 ii·

381 3976 415 4022 ob
429 3978 571 4033 gliscentem
595 3977 745 4037 parentiam,
765 3979 805 4025 sed
824 3979 857 4026 ob
888 3990 954 4026 rius.

378 4038 444 4086 illim
462 4039 487 4086 in
510 4042 590 4087 nolite
610 4040 720 4099 periculo
741 4041 858 4088 diredlio-
922 4040 961 4102 (e)
976 4041 1085 4089 sonaim
1103 4043 1161 4088 elin
1172 4039 1284 4105 posin}
1315 4044 1373 4092 Poe·

378 4110 437 4148 nem
461 4103 610 4150 manifestam
641 4105 748 4152 delendo
778 4104 859 4152 nostra
890 4105 941 4153 sum
971 4117 1053 4153 tamen
1079 4105 1179 4152 nomine
1204 4107 1274 4164 les,
1298 4115 1383 4165 opem·

379 4162 488 4210 violenta
506 4164 593 4218 julium
611 4179 701 4227 capere
717 4170 797 4224 potest
814 4168 860 4216 ini·
890 4181 970 4217 meam
990 4169 1112 4228 ingentis,
1137 4171 1180 4215 vel
1198 4170 1310 4216 obierim
1335 4178 1384 4216 ec:

379 4225 448 4278 n'um.
480 4225 637 4279 consinsit
658 4231 701 4281 lib.
721 4231 753 4281 il.
777 4245 799 4282 r.
820 4233 858 4288 16.
890 4232 1016 4296 clpicntis3
1032 4233 1107 4295 idque
1120 4233 1182 4289 licet
1195 4233 1384 4346 nudusctdeg
