3000 5150
460 417 1092 550 LECTORI(
1174 444 1277 552 151⁹

254 658 369 758 rium
399 648 773 768 existimavimus,
818 651 979 751 horum
1019 655 1249 761 subvenire

255 832 501 949 defiderio,
548 828 847 936 &eximium
889 832 1122 966 hocopus
1164 818 1271 939 ire-¹⁴

253 1044 354 1110 rum
392 1008 517 1142 prelo
548 1004 848 1118 committere.
922 1010 997 1124 De
1018 1045 1108 1144 quo
1135 1047 1244 1112 cum
1344 1134 1351 1145 1

250 1188 577 1321 cogitaremus,
611 1216 704 1317 quo
733 1188 875 1319 magis
899 1188 1133 1303 omnium,
1168 1191 1243 1321 qui

250 1364 304 1461 ad
356 1394 504 1460 veram
540 1360 648 1491 juris
690 1360 890 1456 naturalis
931 1364 1245 1494 cognitionem
1311 1379 1314 1384 ’

248 1538 483 1672 adspirant,
526 1525 779 1634 commodis
803 1534 1130 1659 inserviremus,
1166 1576 1241 1638 uu-

246 1749 426 1851 tequam
461 1742 555 1812 rem
591 1710 724 1843 ipsam
758 1709 905 1811 sumus
942 1715 1159 1849 aggressi,
1194 1720 1239 1815 iu
1347 1799 1351 1805 .

243 1888 480 1990 confilium
539 1887 855 1989 advocavimus
899 1892 1058 1989 Virum
1105 1893 1238 1991 Cele-

248 2070 485 2166 berrimum
532 2063 806 2198 JouuueM
843 2066 1064 2167 Luuors
1094 2067 1238 2168 Philo·
1312 2114 1317 2121 ·
1366 2111 1394 2149 υ

249 2243 430 2375 sophiae,
465 2240 715 2339 Matheseos
742 2245 792 2342 ἃ
812 2240 1110 2338 Astronomiae
1135 2245 1241 2340 Pro·

247 2416 483 2536 sessorem,
501 2420 576 2549 qui
600 2415 837 2513 secuudum
850 2413 976 2545 hujus
997 2415 1126 2547 ipsius
1146 2416 1242 2520 iibri

241 2599 421 2696 dudium
453 2621 665 2725 praecepta
693 2592 804 2723 juris
826 2592 1026 2690 naturalis
1052 2629 1133 2726 pro
1151 2633 1237 2716 eo,

244 2810 337 2912 ‚quo
374 2770 545 2905 pollet,
587 2770 775 2902 iugenio
821 2800 955 2905 atque
990 2770 1238 2873 eruditione

240 2989 300 3054 ex
330 2948 494 3076 intimis
522 2944 809 3080 Philosophiae
844 2943 1074 3047 receffibus
1106 2980 1254 3085 quot·-

245 3131 368 3231 uunis
401 3121 649 3256 depromit:
686 3125 782 3225 imo
812 3126 1046 3225 enimvero
1078 3126 1257 3262 depro·'

243 3306 389 3405 mebat
406 3338 421 3428 3
457 3299 550 3402 haee
571 3303 693 3402 enim
731 3300 839 3401 dum
882 3301 1135 3422 scribimus,
1162 3309 1239 3402 tri·

245 3481 319 3581 stis
361 3487 546 3581 nuncius
589 3476 793 3600 affertur,
849 3480 1074 3578 summum
1113 3479 1259 3580 ilium
1330 3586 1332 3591 ,

245 3662 406 3760 Virum
448 3655 604 3759 acerba
662 3657 712 3756 ὅ(
773 3682 1027 3789 praematura
1088 3688 1239 3758 morte

247 3835 496 3938 Literarum
529 3833 625 3934 orbi
660 3864 863 3967 ereptum
902 3831 989 3934 effe
1011 3871 1030 3935 :1
1083 3824 1237 3939 Eheu!

244 4014 408 4125 occidit
467 4009 858 4152 splendidissimum
924 4000 1047 4118 illud
1093 4014 1264 4135 fidus,

710 4191 800 4338 (A)
832 4217 864 4321 5
1123 4190 1246 4332 quod
