3000 5150
246 494 292 548 ιο
368 513 371 518 ·
450 470 1090 570 Gonanssattmfftrrr‘

249 646 341 741 leges
357 646 503 736 divinae,
529 648 631 745 juxta
655 645 776 722 statum
799 648 933 743 generis
958 646 1121 738 humani,
1143 645 1231 722 ade·

251 744 405 842 quate&
423 747 540 818 nativo
558 746 696 836 ordine,
721 746 957 822 exhibeantur.
977 752 981 757 ’

294 842 324 941 s.
350 848 409 934 46.
442 845 534 916 Dum
560 865 675 915 autem
697 846 902 918 recentiores
930 844 1112 940 scriptores
1126 842 1229 940 Juris·

244 943 459 1037 prudentiam
484 940 686 1015 Naturalem
709 941 776 1013 alio
801 944 900 1037 plane
924 942 1040 1016 habitu
1064 940 1232 1016 exhibue-

248 1061 348 1129 runt,
392 1063 491 1138 quam
521 1062 590 1136 quo
625 1039 782 1135 vulgaris·
815 1038 1033 1133 Philosophia
1077 1038 1231 1112 practica

247 1159 448 1232 comparet,
470 1139 539 1211 hoc
552 1137 586 1207 in
603 1136 753 1209 diversas
770 1136 948 1209 sententias
965 1155 1151 1233 acceptum
1169 1134 1229 1210 eli.

249 1239 319 1336 Qui
330 1240 421 1310 enim
438 1233 633 1332 vulgaribus
655 1234 718 1305 illis
734 1232 979 1329 hypothesibus
996 1231 1115 1308 assueti
1135 1234 1228 1324 suni,

245 1332 424 1407 confusum
440 1331 594 1429 aliquod,
618 1352 660 1403 ac
673 1355 718 1404 ex
733 1329 908 1423 principiis
927 1330 1048 1406 ethicis
1064 1330 1232 1427 politicis·

247 1454 314 1527 que
345 1432 382 1504 aa
401 1431 478 1527 jure
496 1430 659 1501 Romano
683 1427 928 1501 concinnatum
945 1430 1051 1503 chaos
1074 1427 1232 1503 exhiberi

239 1528 458 1622 existimant,
490 1526 582 1623 quod
602 1525 770 1621 judicium
792 1526 933 1620 perinde
959 1525 1139 1601 absurdum
1160 1523 1230 1616 est,

244 1651 289 1702 ac
306 1626 329 1699 li
357 1626 431 1722 quis
450 1648 494 1698 ex
509 1629 650 1713 abortu,
676 1646 787 1721 eoque
810 1624 953 1714 mutilo,
989 1623 1148 1722 requifita
1170 1624 1231 1698 ho·

246 1725 349 1799 minis
365 1724 487 1821 integri
505 1720 670 1795 aestimare
686 1723 782 1794 velit.

292 1821 322 1919 ᾗ.
347 1843 407 1915 47.
435 1819 504 1892 Alii
528 1841 606 1893 eam
627 1823 670 1891 ab
686 1818 809 1892 Ethica
826 1818 865 1894 o
881 1820 1022 1895 Politica
1037 1817 1231 1896 distinblam

245 1919 452 2013 disciplinam
473 1934 613 2012 putant,
639 1939 741 2012 quam
758 1918 957 1992 sententiam
975 1914 1095 1991 omilin
1120 1920 1232 1993 ascri·

242 2017 401 2114 ptoribus
424 2014 671 2091 recentioribus
695 2017 857 2089 nonnulla
880 2017 1016 2111 capita,
1047 2037 1083 2088 v.
1110 2040 1163 2115 gr.
1190 2018 1232 2091 de

237 2114 425 2208 ‚affeclibus
455 2111 494 2188 dt
520 2113 654 2187 summo
680 2114 796 2201 bon0,
835 2115 949 2210 aliquo
975 2112 1082 2186 modo
1105 2114 1232 2189 confir·

243 2236 339 2286 mare
367 2198 576 2308 pomerani,
610 2234 689 2283 nam
715 2211 810 2299 haec,
834 2233 915 2286 cum
942 2211 1014 2285 aliis
1038 2213 1231 2302 nonnullis,

242 2313 321 2386 alibi
350 2313 407 2385 vel
431 2307 611 2407 propofitis
633 2310 689 2384 vel
721 2309 983 2404 proponendis,
1015 2309 1050 2382 in
1080 2311 1231 2407 peculia·

239 2434 314 2483 rem
347 2410 502 2483 Ethicam
535 2406 572 2479 o
608 2407 814 2497 Politicam‚
856 2408 945 2503 Juris
978 2406 1156 2482 Naturalis
1181 2408 1230 2482 di·

240 2505 392 2601 sciplinae
422 2504 700 2601 adjungendam,
732 2506 985 2602 compingenda
1016 2501 1083 2580 elie
1111 2505 1230 2582 existi·

243 2620 389 2677 mantur.

294 2700 324 2799 h.
362 2706 422 2790 48.
457 2698 640 2774 Debebunt
669 2698 782 2797 potius
815 2699 891 2774 hoc
913 2701 959 2776 ita
991 2724 1229 2798 componere:

240 2801 398 2872 Ethicam
425 2795 464 2872 dt
495 2797 717 2887 Politicanta
745 2801 974 2874 recentiorum
997 2799 1153 2875 doctrina
1170 2802 1231 2897 Ju-

239 2898 286 2989 ris
309 2897 484 2971 Naturalis
514 2919 582 2970 non
607 2896 764 2987 differre,
799 2899 912 2994 quoad
935 2898 1064 2996 scopum
1091 2898 1130 2973 da
1163 2922 1230 2973 rent

240 2996 460 3082 tranandant,
487 2995 541 3069 sed
567 2995 682 3070 saltem
700 2998 811 3091 quoad
829 3000 988 3072 tranando·
1002 2998 1145 3087 aradam,
1172 2996 1230 3073 seu

241 3095 501 3180 elaborationem,
543 3094 790 3190 scriptoresque
828 3095 1035 3171 recentiores
1077 3093 1230 3168 sterilem

240 3190 545 3285 Peripateticorum
578 3191 833 3290 Philosophiam
857 3195 1066 3283 emendare,
1093 3191 1231 3267 habitu÷

238 3312 303 3386 que
328 3289 472 3386 pleniori
496 3288 689 3364 docitinam
705 3293 873 3365 virtutum
889 3290 1053 3367 exhibete
1070 3286 1230 3365 voluiffe.

120 3471 127 3478 .
166 3398 171 3403 ¹
286 3384 318 3484 h·
344 3409 404 3478 49·
437 3388 564 3461 Poterit
593 3389 865 3484 Jurisprudentia
896 3390 1017 3464 divina
1046 3387 1230 3486 distingui,

241 3486 285 3556 ab
312 3488 451 3582 najaram
480 3487 537 3582 (r)
565 3489 601 3575 ia
621 3487 831 3578 Naturaltm,
865 3511 941 3584 qoae
969 3492 1062 3585 leges
1087 3509 1228 3561 natura-

239 3583 314 3668 les,
348 3584 385 3656 δι
409 3582 602 3674 Pofitr‘uam,
637 3606 713 3680 quae
732 3584 898 3679 positivas
920 3586 1079 3675 exbibet,
1114 3583 1140 3656 fi
1165 3583 1229 3658 has

240 3678 421 3752 admittas:
457 3681 516 3780 (2)
553 3684 587 3758 in
614 3683 798 3774 Privatam,
830 3707 909 3780 quae
931 3685 1011 3780 quid
1035 3681 1229 3767 canistro,

238 3777 350 3862 mini,
389 3799 453 3871 pro
484 3782 612 3856 ratione
645 3781 693 3855 sui
722 3779 827 3856 status
861 3782 1014 3875 privati,
1046 3782 1146 3877 juxta
1178 3778 1229 3855 ls-

243 3894 303 3969 ges
325 3873 478 3962 divinas,
502 3876 697 3954 faciendum
714 3877 775 3965 stt,
801 3876 968 3966 ostendit,
989 3879 1028 3953 dt
1044 3879 1230 3967 Pontion,

244 3991 326 4143 purg·
352 3974 529 4051 civitatem
550 3995 591 4049 ac
612 3998 656 4053 eo
679 3975 883 4073 pertinentia
904 3974 1088 4055 hominurn
1111 3971 1229 4050 officia

240 4083 293 4144 tra
315 4087 352 4157 tt·
464 4154 469 4163 ¹

1115 4169 1147 4269 l·
1169 4124 1234 4269 50⁵,
