3000 5150
375 519 445 592 502
546 442 1240 585 Sunonensem'soisn'lv.

377 666 597 764 obligationem
619 663 717 749 miri,
748 656 834 752 Jure
862 660 1013 759 Naturali
1030 659 1235 756 perfeliam,
1292 628 1383 738 b‘re.

371 765 548 879 fundendos
557 757 724 855 sumptus,
749 744 1171 930 AllmiOQngufam
1198 687 1333 854 domm
1351 787 1385 834 a·

380 868 488 947 lenrlo,
521 857 563 942 ὃ*
585 862 618 930 in
640 856 826 929 commodum
851 859 993 928 bumana
1075 850 1181 929 'etaiss
1209 864 1385 940 membrum

380 961 556 1046 educando,
582 951 740 1049 neceffario
762 951 932 1048 impensos:
961 956 1026 1027 dico
1048 952 1284 1049 Necess'ario,
1311 960 1387 1054 qnol

381 1066 467 1145 enisu
482 1059 607 1152 maioris
622 1055 805 1147 elegantia,
832 1067 980 1138 ornatus,
1006 1069 1063 1126 aut
1082 1055 1285 1148 dignitatis,
1311 1079 1387 1153 gro·

383 1167 448 1242 tia,
464 1156 538 1251 fuit
556 1152 741 1247 impenjum,
765 1152 813 1220 bic
838 1153 986 1244 imputari
1018 1174 1077 1221 non
1100 1153 1206 1226 debet.
1261 1155 1386 1259 Quone·

382 1261 435 1339 vis
450 1259 548 1351 igitur
565 1276 586 1322 o
601 1251 754 1321 communi
768 1247 938 1320 Parentum
954 1245 1073 1342 affeetu
1082 1298 1095 1336 ,
1117 1254 1250 1341 puriter
1266 1278 1306 1326 ac
1321 1248 1388 1347 offi-

385 1360 452 1441 oio,
477 1373 566 1447 quom
585 1349 722 1418 maxime
737 1346 922 1432 abhorreat,
949 1362 982 1416 ut
1005 1347 1038 1416 bi
1059 1369 1131 1417 eum
1149 1348 1390 1444 Liberis,'nifi

381 1452 501 1547 summe
517 1448 671 1541 ingratis,
700 1445 836 1537 rigidum
853 1448 901 1515 bie
915 1444 1063 1515 calculum
1084 1446 1169 1516 inire
1185 1449 1318 1536 velint;
1345 1466 1389 1521 ut·

381 1566 453 1648 pote
469 1550 521 1641 qni
547 1558 674 1632 contra,
696 1560 754 1636 pro
773 1539 964 1634 facultatum
978 1538 1114 1635 suarum
1142 1549 1294 1634 ratione,
1317 1566 1390 1639 pra·

351 1668 357 1686 ⁸
388 1666 439 1728 ter
462 1639 651 1716 eomrioodem
673 1643 904 1726 educationem,
935 1639 1122 1710 Liberorum
1142 1665 1267 1737 quoque
1287 1644 1391 1740 forts·

387 1769 446 1822 nas
454 1741 612 1837 fundare,
639 1733 681 1818 &⁹
700 1739 780 1828 quod
796 1735 868 1829 ipfis
886 1741 1083 1809 morientibus
1101 1738 1272 1812 Bonorum
1287 1743 1390 1838 super·

388 1845 434 1938 ost
446 1844 462 1927 ‚‘
483 1842 531 1913 bis
542 1890 553 1925 ,
579 1855 612 1905 ut
631 1830 818 1928 obariffirnis
836 1835 853 1924 ζ
862 1838 895 1905 ni
912 1833 1055 1926 specialis
1077 1834 1176 1926 causa
1194 1835 1329 1940 obstet)
1349 1865 1391 1912 rt·

389 1944 543 2031 linquere,
584 1928 626 2012 ii
646 1929 740 2024 solent
769 1927 811 2010 Εἰ
840 1932 945 2003 debent
953 1958 966 2018 ς
1000 1956 1118 2025 equum
1138 1952 1254 2009 tamen
1267 1957 1391 2032 putave-

388 2041 478 2120 rim,
514 2034 644 2104 Liberos
671 2030 843 2100 Parentum
868 2032 1066 2124 induigentia
1091 2051 1265 2126 occeptum
1283 2036 1391 2132 ferre,

389 2140 485 2223 etiam
500 2131 617 2225 qunuclo
635 2129 751 2198 nullum
768 2128 854 2196 aliuel
870 2130 910 2198 ab
936 2130 977 2198 iis
993 2129 1235 2204 Patrimonium
1253 2140 1393 2226 copiunt,

389 2235 469 2330 guod
485 2235 660 2300 immature
682 2229 785 2296 aetatis
806 2229 891 2297 alitia
907 2222 949 2306 Β
977 2227 1109 2298 educata
1125 2228 1323 2324 necefflarias
1341 2238 1392 2305 ior·

388 2327 501 2428 pensos
526 2327 688 2411 restituere
710 2347 770 2393 nou
787 2340 946 2417 cogantur.
1001 2325 1144 2395 Ulterius
1170 2351 1255 2400 vero
1277 2355 1314 2402 ne
1336 2334 1393 2424 goi.

390 2434 459 2506 elrm
486 2431 518 2497 iu
546 2424 656 2496 Vernis
681 2425 804 2493 extendi
822 2422 903 2515 polle
929 2424 1006 2493 hone
1030 2424 1284 2516 obligationem,
1310 2447 1393 2521 atque

385 2530 466 2603 'olleo
498 2524 615 2595 nullum
640 2537 793 2615 perpetuo
809 2520 962 2616 jesuituti
980 2521 1238 2616 fundumentum
1259 2547 1393 2623 ponere,

387 2628 507 2725 patebit
530 2620 636 2713 infru.
664 2622 696 2714 Ι.4
710 2642 739 2691 c.

332 2801 336 2814 I
369 2729 397 2756 “’
442 2723 540 2789 Vlll.
569 2721 619 2789 Ad
632 2721 709 2787 banc
733 2719 860 2788 eandem
876 2716 1072 2812 posteriorem
1100 2716 1239 2813 Claffim
1258 2725 1394 2821 ‘pertinet

397 2819 559 2908 Obligatio
583 2818 668 2909 ejus,
695 2818 801 2906 quiin
833 2817 964 2886 ulterius
991 2819 1080 2887 rebus
1100 2816 1173 2908 usus
1201 2821 1253 2918 est
1278 2824 1392 2897 favore

392 2910 634 2993 Neceffitzstis3
660 2913 696 2978 elo
712 2934 767 3002 quo
784 2913 900 2991 Aulior
916 2912 1016 3004 supro
1042 2935 1117 3007 cap.
1150 2938 1180 3001 5.
1211 2918 1247 3017 §
1276 2919 1393 3007 og&

396 3040 454 3106 24.
481 3036 534 3083 nee
558 3033 616 3079 non
641 3008 724 3102 ejus,
753 3010 804 3100 qui
834 3009 1027 3079 lndebioum
1060 3014 1199 3102 accepit
1237 3000 1392 3116 taniouaro

395 3112 563 3187 Debitum
583 3132 595 3192 ς
635 3108 686 3178 uel
714 3105 823 3202 (orrod
845 3110 928 3203 June
954 3110 1107 3180 Naturali
1131 3113 1218 3184 idern
1243 3119 1312 3214 est)
1336 3122 1393 3189 oli·

395 3214 470 3307 qnid
492 3212 608 3301 occepit
636 3230 674 3278 ert
700 3208 817 3290 Pauo,
842 3210 891 3281 oui
913 3208 1056 3301 legitima
1080 3209 1187 3303 aliqua
1220 3217 1391 3311 Exceptio

393 3314 501 3407 opponi
524 3310 645 3402 potuit,
677 3307 730 3379 vel
754 3307 896 3400 denique,
936 3308 1070 3399 accepit
1093 3307 1222 3385 intuitu
1254 3318 1392 3413 alicujus

393 3413 444 3483 rei
472 3411 528 3478 vel
558 3426 674 3500 opcrae
700 3428 719 3474 a
743 3403 775 3473 se
799 3402 1017 3494 praestandae,
1051 3428 1156 3497 quom
1179 3414 1306 3504 postea
1328 3440 1393 3489 non

392 3504 561 3605 praestitit.
613 3508 730 3577 Omnes
747 3498 797 3595 sc.
819 3505 852 3573 bi
874 3506 994 3606 potitor
1023 3519 1170 3585 tenentur
1199 3514 1248 3585 ad
1270 3516 1395 3613 resilio.

397 3615 520 3683 tionem.

443 3706 504 3775 lX.
531 3704 686 3773 Oiirmtnr
722 3702 818 3770 etiam
853 3700 1095 3797 obligationes
1133 3725 1303 3798 motuae,
1347 3719 1398 3790 ubi

389 3804 591 3877 Communis
611 3800 757 3895 plurium
778 3824 831 3872 ros
849 3799 939 3874 faeta
956 3799 1007 3871 est
1029 3801 1114 3873 citra
1136 3804 1397 3907 Contrebiam,

387 3930 429 3979 eo
448 3930 480 3976 eo
505 3903 580 3995 quool
604 3922 686 3970 onus
706 3899 792 3972 solos
812 3920 1031 3971 communem
1055 3924 1127 3972 rem
1153 3907 1396 4003 inflaverit,

389 4009 442 4082 ool
465 4002 548 4071 solos
568 3999 601 4069 in
627 4023 702 4069 enm
731 3997 926 4071 macellarius
943 3998 1109 4093 impensas
1137 3999 1294 4085 fecerit:
1325 4016 1397 4088 Hu-

383 4102 439 4197 jus
456 4113 560 4170 autem
578 4122 656 4193 erga
672 4115 795 4172 ceteros
810 4099 976 4197 obligatio,
1001 4099 1045 4171 ad
1061 4099 1216 4199 priorem
1236 4110 1398 4207 Claſjem,

1308 4230 1400 4296 iaelo·
