3000 5150
436 433 1039 521 ntictonts.
1193 453 1243 537 ir}

240 623 386 701 versum
408 622 463 710 iri,
490 644 557 697 non
575 619 741 705 arbitror,
769 618 862 713 quod
884 615 996 691 isthoc
1018 618 1143 693 laboris
1160 624 1235 698 uni·

242 750 288 798 ce
304 722 501 818 Juventutis
526 719 662 796 militati
685 718 767 789 dare
790 717 980 805 voluerim,
1008 719 1105 813 cujus
1131 724 1233 796 meri·

244 847 284 896 to
309 840 420 894 tantus
443 816 510 893 elie
532 817 637 891 favor
654 816 782 903 debet,
807 835 847 886 ut
869 819 902 888 in
918 816 1069 907 ejusdem
1084 822 1231 913 gratiam

195 997 203 1002 ,
244 922 396 1013 suscepta
412 943 540 1014 opera,
566 916 672 989 etiarn
693 912 822 1010 ingenii
836 912 874 986 lit
891 913 1072 1009 splendoris
1090 940 1158 990 non
1174 940 1233 991 ca-

243 1044 334 1115 pax,
359 1010 498 1090 nemine
515 1016 652 1111 indigna
667 1011 707 1085 stt
726 1013 923 1108 judicanda.

293 1118 468 1188 Craterum
494 1114 574 1210 quin
598 1111 768 1206 ejusmodi
782 1109 954 1205 principia
976 1112 1019 1184 ad
1043 1111 1261 1232 universam?
1287 1109 1330 1170 ¹¹¹⁴

243 1217 336 1312 Juris
357 1212 569 1308 disciplinam
589 1211 700 1306 magis
720 1210 846 1283 idonea
866 1208 954 1300 sint,
990 1231 1095 1304 quam
1125 1211 1233 1305 cujus·
1248 1196 1338 1295 ,2223ss

245 1316 301 1387 vis
319 1312 412 1408 Juris
433 1310 551 1383 Ciuilis
569 1309 759 1399 elementa,
799 1329 924 1397 nemo,
952 1309 1010 1379 cui
1028 1308 1146 1382 sanum
1172 1305 1369 1419 filiiflii}

245 1412 365 1508 ciput,
391 1411 527 1482 abnuet.
1247 1433 1367 1507 jurispru-

296 1513 411 1603 Atqoe
433 1507 510 1579 haec
533 1508 569 1579 in
594 1506 739 1597 prosena
771 1501 922 1581 sufficere
951 1524 1110 1599 poterant
1148 1501 1349 1601 (c),‘¹²¹¹¹¹²·

245 1607 280 1682 ni
307 1608 447 1705 quidam
471 1601 702 1694 monuissent,
736 1625 805 1676 non
834 1610 893 1677 abs
918 1628 957 1677 re*
981 1603 1082 1691 fore,
1124 1588 1236 1697 aliqua
1250 1676 1271 1713 ι.
1286 1597 1390 1710 Lffim

246 1706 474 1804 praemittere,
518 1723 595 1799 quae
630 1704 672 1776 ad
702 1702 854 1775 indolem
879 1703 967 1797 Juris
992 1701 1166 1774 Naturalis
1200 1702 1233 1774 in
1245 1725 1389 1783 turrium·

247 1805 443 1877 universum
468 1803 750 1898 intelligendam,
782 1803 1004 1895 ejusdemque
1030 1799 1152 1880 limites
1177 1786 1388 1903 εε-ξξζξξῃξᾞ*

246 1902 396 1975 curatius
422 1899 647 1998 designandos
673 1899 839 1972 facerent.
893 1899 997 2002 Quod
1012 1924 1054 1972 eo
1078 1898 1234 1971 libentius
1246 1908 1389 1981 Jurecrvnr

246 2000 395 2097 suscepi,
422 1999 500 2095 quia
521 1998 594 2069 stoc
616 1999 722 2071 modo
742 2013 930 2091 pratextus
941 1996 1106 2069 adimitur
1126 1998 1232 2067 homi·
1248 1979 1372 2101 fffi‘ss

248 2099 371 2187 nibus,
393 2100 590 2193 importune
611 2094 751 2169 curiosis
768 2097 862 2190 (d),
890 2094 1127 2167 febriculosam
1144 2095 1333 2166 suammet»

251 2198 429 2267 censuram
445 2195 651 2274 extendendi
668 2195 710 2266 ad
729 2193 864 2264 hancce
882 2192 1116 2282 disciplinam,
1141 2212 1239 2284 quae,

251 2293 332 2387 sepe
347 2296 441 2366 velut
457 2289 656 2385 interjefila,
681 2294 725 2361 ab
746 2289 897 2380 ipsorum
915 2290 1095 2380 provincia
1114 2289 1243 2381 disjun-

248 2392 354 2487 gitur.
408 2386 636 2460 Manifestum
653 2382 844 2481 igiturest,
870 2406 913 2457 err
931 2383 1037 2458 tribus
1054 2387 1147 2459 velut
1166 2385 1244 2456 fon-

1116 2532 1118 2536 ·
1154 2484 1244 2562 tibur

286 2696 345 2764 (c)
366 2697 454 2773 Atque
475 2697 527 2756 dee
542 2696 572 2753 ln
584 2692 693 2774 prestus
707 2689 831 2771 sufficere
847 2695 990 2774 patrm]
1028 2694 1243 2777 pantania,
1366 2771 1369 2778 Ι

247 2773 388 2849 pramiffis
405 2775 548 2834 ulterioris
570 2774 729 2850 scriptionis
745 2772 851 2842 causis,
873 2779 1021 2835 emunito
1040 2777 1239 2837 amicorum&
1289 2785 1293 2804 ¹

249 2852 396 2911 censorum
416 2854 633 2928 importunitate
651 2852 770 2928 petitis,
790 2854 869 2910 aero.
888 2853 919 2909 rii
938 2853 1059 2926 quidem
1078 2853 1174 2914 fontes
1197 2853 1239 2912 di.

250 2928 428 3002 sciplinarum
446 2930 596 2991 moralium
622 2928 756 2996 indicat,
775 2930 854 2987 verb.
882 2924 1051 3008 manifestum
1071 2934 1161 3008 igitur,
1180 2927 1239 3006 est,

249 3006 425 3080 modumque
447 3004 606 3082 probandi,
628 3007 656 3064 in
678 3002 791 3079 lingulis
810 3003 959 3075 tritarum,
980 3007 1098 3082 amplius
1115 3009 1241 3080 edocet,

248 3084 327 3142 verb.
360 3085 572 3159 apuleiam.
611 3084 684 3161 Qua
697 3083 813 3157 quidem
829 3098 889 3142 non
904 3083 979 3142 male
995 3083 1145 3161 rircnntur,
1170 3098 1242 3143 arta·

249 3177 316 3218 men
351 3162 492 3236 ilciplinas
506 3159 630 3222 morales
646 3161 792 3237 adequare
809 3160 888 3230 satis,
910 3159 936 3220 dt
950 3163 1032 3232 juxta
1048 3163 1160 3224 debitas
1181 3160 1242 3220 sub·

250 3237 465 3308 ordinationes,
484 3255 543 3299 non
556 3238 778 3314 representans,
791 3254 844 3296 ceu
860 3236 957 3311 colligi
969 3236 1061 3314 potest
1070 3255 1105 3298 err
1115 3240 1167 3310 ils,
1181 3253 1244 3313 qua

251 3314 282 3370 ln
299 3313 444 3385 Prolegorn.
464 3317 489 3390 i.
505 3333 533 3387 4.
563 3334 616 3390 epp.
637 3316 705 3375 dixi.
744 3316 864 3374 Trerus.
1111 3334 1116 3343 ·

292 3388 352 3464 (d)
371 3389 502 3467 Carirfis]
557 3396 653 3450 osuam
672 3392 842 3453 Swartaium
865 3391 891 3451 dt
913 3390 1069 3452 Nicolaum
1089 3391 1245 3449 Beckman·

247 3483 338 3532 num.
364 3465 444 3524 illum
466 3466 651 3540 Theologiae.
671 3471 748 3529 nunc
766 3469 840 3544 juris
863 3459 1053 3535 Professores,
1076 3469 1198 3541 suusque
1217 3469 1248 3528 in

252 3543 412 3611 Academia
428 3543 564 3601 carolina
578 3545 701 3604 Lundlni
726 3545 869 3619 collegas,
888 3547 933 3605 his
955 3545 1161 3614 verbis-notam
1182 3547 1247 3635 qui,

252 3620 387 3680 livore&
409 3617 520 3678 invldia
534 3621 649 3694 agitati,
669 3633 769 3698 preter
790 3622 904 3680 indicem
919 3624 1084 3692 multotum,
1106 3623 1135 3681 in
1149 3620 1249 3682 odium

254 3700 359 3775 Operis
372 3699 490 3771 majoris
504 3697 682 3766 confestum,
702 3697 809 3756 Scanlae
821 3699 993 3775 Episcopum
1009 3700 1194 3775 instigabant,
1217 3707 1250 3759 ut

255 3777 305 3834 srbi
322 3776 467 3836 censuram
484 3775 580 3834 lioria
600 3774 770 3834 Redorlbua
791 3776 869 3848 regni
891 3775 1054 3853 postularet.
1093 3781 1125 3837 ln
1149 3780 1250 3841 horum

259 3869 329 3926 ergo
342 3856 460 3929 gratiam
476 3853 545 3912 lines
561 3856 648 3914 trium
663 3851 889 3926 disciplinarum,
912 3853 1000 3927 vulgo
1015 3867 1084 3913 tunc
1099 3853 1247 3927 consulor,

260 3933 351 4002 regit,
368 3944 400 3990 ut
412 3932 462 3989 ubi
479 3933 596 3991 inchoet
610 3945 711 3990 natura
729 3929 756 3989 dt
772 3926 896 4001 desinat,
912 3930 1116 4006 quaveofficia
1127 3947 1164 3992 ex
1175 3934 1250 4002 hoe,

258 4009 305 4064 vel
321 4007 370 4065 lllo
389 4006 470 4067 sonte
485 4012 572 4084 magis
594 4008 753 4088 repetenda
771 4008 842 4078 snt,
859 4008 993 4088 liqueret.
1031 4009 1099 4070 vid.
1119 4010 1252 4072 Audieris

255 4085 322 4143 Eris
342 4083 504 4223 ScurrdippT,r
519 4087 582 4164 poll
608 4089 770 4151 editionem
792 4085 898 4167 Operis
917 4089 1056 4164 majoris,
1075 4088 1120 4149 ela
1143 4089 1254 4153 Herrlo

251 4172 392 4224 curnam.
504 4178 534 4226 ο.
984 4203 990 4212 ·
1119 4183 1121 4188 ⁸
