3000 5150
211 503 309 584 'roo
381 498 929 573 Suerrsmsrrrorr
988 485 1046 563 ΙΙ.

239 691 357 752 eoram
383 668 427 752 lp'
452 667 708 751 Socialitatem3
732 675 894 759 utrumque
917 668 1028 737 boruru
1054 664 1170 738 Duum
1191 667 1228 740 ab

241 772 413 849 bominibus
436 771 577 863 erigere,
603 768 636 837 irr
655 764 795 857 refferaru
808 766 900 835 debiti
913 766 999 835 illius
1021 762 1163 858 affilius
1186 789 1230 837 er·

240 897 287 970 ga
307 867 371 964 se,
401 883 491 958 atque
520 867 578 935 bno
607 867 824 957 pertinentium
857 857 1026 955 officiorum
1040 863 1229 959 prestatio-

244 993 315 1044 nenr
329 968 485 1060 premiis,
503 977 560 1033 aut
575 978 655 1033 certe
670 956 1098 1054 negleiiurn&oiolatiorierrr
1112 965 1230 1054 panis,

152 1117 158 1132 .
244 1067 324 1138 nelle
345 1059 483 1157 prosequi
507 1057 553 1154 est
571 1058 656 1153 satis
682 1055 910 1150 manifestum:
942 1080 1011 1127 curn
1030 1076 1160 1150 porro„
1176 1078 1230 1153 per

244 1186 340 1248 earn,
376 1182 466 1253 quoru
490 1158 585 1227 Deus
612 1157 780 1226 bominibus
806 1152 1045 1246 eorpprieiendam
1075 1158 1229 1249 prebuit,

248 1282 353 1333 rerum
378 1270 543 1339 naturane,
573 1256 721 1339 rationis,
755 1274 846 1343 poam
870 1255 949 1323 ioleru
970 1252 1070 1324 Deus
1098 1256 1142 1321 iis
1164 1278 1229 1325 corr·

245 1352 359 1453 eefflt,
378 1354 595 1425 interveniente
617 1348 696 1444 usu,
730 1350 793 1420 lues
817 1345 1030 1443 innotescerem
1053 1346 1145 1443 sotis
1161 1376 1229 1422 coo·

239 1455 333 1553 fiat,
363 1451 483 1523 easrleon
504 1451 656 1534 rationes,
686 1448 793 1539 quibus
816 1449 937 1539 Suppl.
967 1466 997 1514 1.
1022 1443 1053 1541 ᾖ.
1084 1468 1143 1517 20.
1173 1451 1230 1521 le·

244 1555 300 1647 gis
325 1546 492 1621 Naturalis
506 1551 538 1616 in
554 1568 666 1639 genere
691 1546 844 1616 Divinam
861 1543 1087 1615 Aollositatem
1108 1546 1230 1640 adliso-

247 1651 380 1733 etune,
419 1647 452 1714 in
482 1643 646 1734 l'roeoeptis
682 1638 761 1735 bisse
795 1642 1018 1745 generalibus,
1061 1638 1106 1723 {9⁹
1136 1644 1230 1739 couse-

248 1760 380 1841 quenter·
401 1745 435 1814 iu
455 1743 593 1813 vermibus
611 1761 716 1811 eorum
738 1738 963 1833 Coryetiariis,
993 1741 1116 1813 abunde
1141 1745 1231 1816 eluse

264 1865 340 1916 eere.
875 1893 879 1900 .

239 1843 273 1940 s
298 1937 358 2010 XI.
383 1937 446 2009 His
461 1953 562 2010 autern
583 1939 742 2032 preceptis
773 1934 995 2009 Sannionem
1018 1959 1081 2009 nou
1104 1937 1233 2033 deesse,

139 2029 147 2046 ’
250 2040 419 2121 evincunt,
447 2060 506 2107 non
540 2039 625 2108 molo
657 2038 792 2107 rationes
819 2035 891 2131 isla
919 2036 1099 2129 generales,
1125 2041 1234 2129 quibus

250 2136 371 2229 Suppl.
396 2133 431 2203 1..
449 2131 498 2231 §p
530 2155 646 2221 1-9,
671 2132 968 2230 demonstravimus,
1004 2134 1233 2227 uniuscnjusque

196 2304 199 2307 ,
248 2233 384 2305 leoninis
404 2256 496 2326 quarn
520 2236 657 2303 inanime
680 2227 845 2322 inoff,
875 2245 912 2302 ret
940 2233 1039 2301 cuiuis
1067 2230 1147 2325 Legi
1172 2234 1231 2303 Di-

250 2333 334 2401 oine
356 2327 557 2425 obsequiosum
573 2327 613 2424 se
631 2330 791 2422 prebeat3
814 2326 877 2422 sed
902 2322 945 2408 Β
966 2326 1155 2420 specialiora
1179 2331 1235 2399 illa

247 2430 402 2523 proemia,
425 2451 491 2519 pue
512 2451 550 2498 ero
579 2430 685 2499 borurn
705 2442 925 2519 preceptorum
943 2424 1171 2517 obstirpatione,
1198 2422 1236 2507 {i

248 2544 365 2620 pene,
389 2546 466 2617 pras
488 2547 528 2596 ex
551 2547 652 2596 eorum
683 2523 871 2608 uiolatione,
897 2524 1086 2596 naturaliter
1105 2522 1235 2624 projiee·

252 2643 316 2714 re,
348 2625 428 2694 ratio
447 2615 489 2701 ἐξ
508 2624 683 2715 quotidiana
708 2623 906 2714 experientia
926 2626 1136 2718 comprobant.
1194 2625 1235 2698 Et

252 2723 317 2792 bae
340 2721 458 2813 quidem
486 2721 520 2791 iro
547 2715 681 2790 Officiis
714 2719 845 2789 bominis
882 2743 963 2815 erga
989 2720 1022 2793 se
1040 2719 1236 2821 superfluum

250 2815 328 2910 affit
351 2818 513 2888 inlicere:
538 2817 601 2912 sed
622 2811 671 2896 ii
698 2812 824 2887 Officia
855 2817 1005 2891 socialia
1033 2819 1144 2916 ansus
1167 2823 1237 2893 elios

254 2912 422 3010 prestita,
463 2916 651 2986 naturaliter
676 2916 859 3009 excipiunt,
892 2916 1011 2989 Animi
1042 2919 1237 3005 Serenitas,

251 3032 336 3082 cum
361 3011 438 3083 sarra
460 3012 619 3108 Corporis
637 3013 801 3108 temperie
820 3013 1004 3107 conponere
1032 3017 1128 3112 (paae
1149 3019 1237 3092 etiarn

254 3108 457 3206 abstrahendo
484 3135 505 3182 o
535 3114 615 3184 Boni
644 3113 770 3184 moralis
795 3111 1058 3205 confideretiotre,
1096 3119 1239 3212 benignos

167 3243 171 3249 -
252 3205 300 3290 δ’
321 3210 448 3282 blandos
465 3209 753 3306 rrfflbuscomitaei
767 3207 874 3307 solet)
890 3211 1036 3284 aliorum
1060 3212 1239 3304 homiuum

256 3306 529 3396 Benevolemia,
551 3306 614 3397 li,
632 3310 783 3404 quoinde
801 3310 975 3405 plerumque
987 3310 1156 3405 noscitur,
1190 3315 1241 3383 be·

255 3408 397 3491 irritam
428 3413 605 3480 contrarias
624 3431 698 3480 uero
724 3409 878 3490 alliones,
907 3425 1056 3505 perpetua
1071 3409 1240 3504 inquieru-

255 3503 304 3575 do
325 3505 432 3598 (qaa,
455 3507 610 3598 malignos
628 3503 671 3588 Β
691 3507 813 3576 tetricos
833 3505 967 3603 affibus
992 3512 1183 3581 naturaiiter
1198 3531 1242 3581 eo·

255 3603 394 3690 mitons,
418 3606 514 3674 etiarn
534 3604 695 3699 Corporis
715 3605 949 3679 valetudinem
972 3603 1187 3702 labefaoar)
1211 3628 1243 3678 a·

257 3701 371 3770 liorurn
400 3701 552 3772 bominum
579 3703 838 3796 comtemptus,
864 3707 916 3776 uel
937 3705 1090 3793 Odium,
1129 3701 1176 3788 ff.
1199 3710 1244 3777 in·

246 3818 419 3885 nomem,
445 3822 510 3892 qua
543 3801 613 3871 irrrle
635 3799 720 3887 rrasoi
738 3797 861 3893 solent,
883 3803 1036 3876 Pericula.
1087 3800 1245 3888 Ilaelate

247 3895 467 3968 -ineuleantern
495 3898 614 3991 consule
640 3898 865 3987 Ciceronem,
903 3904 941 3972 ele
974 3899 1044 3996 Off.
1080 3902 1159 3976 Lib.
1187 3903 1245 3977 ΙΙ.

132 4055 135 4059 .
261 3990 368 4085 Neque
388 3995 471 4082 brer,
508 4000 581 4089 quia
609 3995 748 4069 naturali
770 3999 900 4088 quadarn
923 3997 1151 4093 consecutione,
1181 4023 1247 4073 eurr

257 4086 452 4202 Sociolitutil
470 4095 537 4205 lege
551 4091 735 4191 observatu,
766 4095 818 4173 uel
829 4092 967 4194 spreta,
998 4103 1250 4272 conuellunt&

243 4224 251 4246 .
379 4216 427 4255 ·.;
1191 4225 1202 4273 r

380 4248 386 4256 ”
452 4255 458 4266 ι

380 4280 385 4285 .
421 4278 427 4287 ι

247 4295 254 4330 Ι
419 4306 427 4318 ι
