3000 5150
364 505 388 575 ο
623 485 1103 569 PRAEFATIO

361 675 445 773 resi,
471 675 523 764 qai
537 724 548 757 ,
566 667 631 765 soli
661 668 707 742 rei
741 669 905 759 intentas,
939 665 1250 756 circumformantem
1276 674 1358 744 alia·

363 798 491 868 tamque
511 769 780 868 praestigiatorem
806 787 909 857 artes,
934 766 1103 845 allicienda
1127 766 1169 851 ὅθ
1186 794 1359 865 emungen-

364 876 412 949 da
426 884 561 947 iterante
573 870 736 964 juventuti
745 866 1025 965 adhiberisolittm
1043 874 1105 940 odit
1121 893 1159 940 ae
1172 869 1357 966 detestatur.

366 974 443 1044 Cam
464 986 568 1043 antem
590 967 734 1039 nonnulla
751 970 785 1035 in
807 967 908 1039 libella
923 964 976 1038 ilia
989 968 1186 1063 generalius,
1212 989 1306 1062 qnam
1322 984 1361 1040 nt

364 1074 481 1143 tirones
497 1083 616 1140 certam
639 1069 710 1137 inrle
723 1064 914 1159 sententiam
922 1057 1070 1155 formare
1086 1081 1218 1160 queant,
1234 1063 1361 1160 scripta

318 1162 321 1167 ’
366 1168 629 1261 deprehenderim,
655 1167 794 1258 qaedam
819 1168 912 1234 etiarn
937 1162 1082 1257 deficere,
1109 1179 1165 1235 nat
1181 1188 1252 1237 earn
1275 1168 1360 1234 neri·

366 1280 508 1356 tatemer
517 1261 607 1360 satis
629 1265 791 1334 convenire
815 1264 890 1342 milri
913 1263 982 1355 visa
991 1259 1059 1352 stat
1074 1264 1131 1359 (id
1145 1264 1241 1359 pand,
1256 1258 1362 1354 salva

356 1362 547 1466 scriptarum
572 1356 880 1453 Perfemapaaaram
904 1362 1108 1456 prestantia,
1132 1358 1224 1455 efferi
1234 1359 1361 1455 petest,

258 1454 262 1467 “
366 1462 447 1533 ailril
471 1462 554 1529 enim
574 1460 611 1528 ¹in
630 1456 689 1527 lrae
712 1454 897 1549 infirmitate
916 1455 1089 1553 perseiiam
1106 1459 1172 1555 esl,
1192 1482 1231 1530 ac
1242 1454 1362 1554 felicia

367 1562 463 1633 etiarn
480 1558 605 1650 ingenia
622 1578 681 1627 nna
695 1554 803 1647 abique
821 1558 892 1648 pari
914 1559 1022 1651 vigere
1031 1608 1044 1647 ,
1070 1556 1293 1629 alacritatem
1312 1572 1363 1628 at·

369 1660 505 1731 tentione
513 1649 584 1745 sese
600 1652 770 1748 raserunt)
797 1656 861 1724 ileo
881 1677 939 1725 aaa
965 1671 1088 1727 tantam
1103 1655 1159 1724 illa
1180 1652 1367 1749 disearstbun

370 1770 471 1825 extem
493 1746 1117 1845 aratttaaprrarvtsaafatr,emendent,
1144 1747 1366 1833 ulfilanam!-

371 1853 403 1922 la
414 1852 447 1921 in
470 1850 579 1921 chelas
592 1849 722 1943 conjeci,
733 1846 861 1935 milri&
867 1853 1060 1922 auditoribus
1074 1876 1093 1921 a
1110 1849 1282 1944 uifttura.
1307 1854 1365 1925 Ex

367 1951 409 2021 iis
419 1958 525 2017 tamen
541 1947 620 2017 nilril
631 1968 763 2038 anquam
770 1948 885 2041 publici
890 1952 976 2039 juris
981 1946 1096 2043 fetere
1105 1997 1119 2038 ‚
1120 1944 1183 2043 sed
1192 1951 1246 2019 illa
1257 1952 1365 2021 emnia

362 2048 487 2150 propria
501 2047 584 2138 operi
598 2041 775 2137 reservare,
794 2046 884 2139 plane
900 2048 1045 2118 hellenas
1061 2049 1255 2119 decreveram
1264 2072 1279 2134 ,⁰
1302 2049 1363 2119 tta·

369 2166 443 2217 nem
456 2143 611 2237 posterius
639 2138 823 2235 praprfitma
848 2144 979 2216 naniam
1000 2146 1128 2238 abjeci,
1157 2149 1233 2233 ita,
1263 2148 1366 2241 priori

368 2256 508 2320 enatato,
533 2237 622 2324 hasce
644 2240 934 2326 Observationes,
960 2243 993 2312 in
1015 2259 1218 2322 memoratam
1242 2242 1365 2339 Persea.

367 2338 459 2434 dnrfii
484 2338 599 2409 libram
629 2334 812 2431 canfelias,
846 2340 932 2411 veltet
959 2342 1153 2435 pr'alrnmam
1184 2345 1366 2429 treliatas,

368 2440 440 2510 Dea
455 2438 594 2520 nolente,
618 2436 782 2527 aliqnando
789 2432 931 2530 fientari
940 2488 951 2522 ‚
968 2461 1047 2510 nanc
1061 2441 1095 2509 in
1107 2441 1262 2532 publicam
1276 2445 1367 2512 emit·

370 2549 425 2618 ta,
451 2538 538 2626 cajus
557 2529 675 2618 confilii
699 2535 761 2606 leae
780 2537 934 2624 precipua
949 2533 1024 2625 fait
1047 2544 1140 2608 ratio.
1194 2536 1369 2635 Versantur

370 2633 405 2704 itt
425 2630 563 2724 pluriam
589 2631 808 2710 ementitam,
832 2653 900 2723 aaa
921 2633 992 2701 hinc
1016 2635 1087 2704 tate
1110 2634 1368 2725 reservaveram,

372 2730 445 2800 darn
462 2722 758 2818 nannallisselrerlas
774 2731 1079 2824 nteattestribendas
1097 2733 1183 2813 alerii.
1201 2738 1260 2805 alii
1274 2738 1371 2808 veloci

372 2829 493 2899 calama
510 2820 661 2916 rtr'ftarlies
679 2843 873 2920 exceperant.
928 2825 996 2924 isla
1013 2849 1086 2898 vern
1105 2833 1212 2903 maltis
1233 2837 1266 2905 in
1292 2854 1367 2924 per.

373 2927 455 2998 titas
472 2918 529 3014 elle
546 2919 657 3018 vitiosa
677 2945 718 2992 ¹ac
741 2947 762 2992 a
788 2940 886 2998 mente
908 2947 979 2996 mea
999 2930 1124 3020 peritur
1140 2933 1246 3020 abire,
1262 2931 1370 3027 facile

373 3017 566 3112 canarffitit,
591 3021 643 3112 qni
647 3017 847 3114 scriptionis,
875 3027 915 3093 ab
931 3027 1036 3095 anieno
1057 3049 1212 3124 manuque
1228 3033 1374 3110 rnaben,

372 3137 405 3193 te
422 3115 553 3212 falia,
585 3139 700 3189 errares
722 3120 885 3213 inteiligit.
942 3121 1103 3198 Preterea
1129 3130 1301 3221 quostiam,
1336 3130 1372 3201 in

367 3216 498 3321 scriptis
509 3212 602 3309 sitis,
626 3217 682 3287 itta
698 3213 872 3313 snblegffe
895 3219 1096 3313 deprehendi,
1120 3228 1274 3320 imprimis
1295 3246 1372 3299 ante

375 3318 495 3405 elecem,
519 3308 563 3398 ἐξ
578 3314 657 3408 quet
672 3323 831 3403 excurrit,
855 3338 970 3402 aanor,
995 3341 1071 3393 mea
1085 3321 1128 3394 de
1146 3325 1239 3418 Lege
1262 3326 1374 3398 Natu·

375 3416 457 3500 eali,
483 3436 522 3485 ac
539 3415 607 3509 ejas
622 3415 776 3508 preripae
782 3411 1013 3510 santamente,
1038 3419 1209 3518 hppetlreser
1231 3422 1373 3519 cisserte·

377 3517 454 3587 tioni
471 3513 590 3586 cattam
607 3513 725 3606 prolixe
738 3509 826 3606 satis
839 3511 919 3610 stent
935 3513 1079 3611 inserta,
1105 3543 1165 3593 nan
1182 3524 1245 3594 alia
1264 3525 1372 3596 addito

376 3612 498 3694 indice,
514 3633 606 3701 qaam
625 3612 705 3705 quad
718 3610 1013 3709 Aae‘iorfateatur:
1039 3617 1072 3692 se
1083 3618 1119 3691 V
1121 3621 1209 3691 irum
1225 3619 1371 3691 dolium

378 3707 509 3801 fibique
535 3707 706 3795 amicum,
731 3733 795 3803 pro
815 3732 928 3807 parte,
953 3714 1106 3789 secutum
1122 3713 1215 3800 effe,
1239 3716 1375 3810 qaetat

378 3828 429 3877 me
441 3807 611 3898 pertinere,
636 3805 697 3906 ipse
710 3811 790 3882 mibi
803 3807 1009 3906 affirmabat,
1033 3834 1141 3884 nerum
1157 3817 1204 3883 nti
1222 3817 1374 3888 indiciam

381 3904 461 3974 illari
482 3898 637 3996 absentias
662 3921 756 3992 erat,
778 3931 835 3980 nee
855 3910 930 3980 mihi
941 3906 1027 4000 satis
1049 3914 1271 4004 conveniebat,
1303 3916 1373 4002 ita,

382 4023 453 4073 curn
469 4000 536 4096 ppt
550 4003 664 4095 aliquot
686 4022 785 4076 annos
802 4004 970 4101 dissertatio
989 4007 1046 4076 itta
1068 4011 1280 4100 recuderetur,
1299 4013 1338 4108 pl
1358 4056 1375 4074 ·

381 4123 421 4176 nt
435 4096 573 4199 omilim
580 4100 676 4199 fait,⁸
693 4102 823 4179 interim
838 4127 897 4178 ma
911 4104 1016 4179 errata
1028 4105 1106 4182 mili
1117 4112 1229 4188 exinde
1250 4115 1374 4198 tribue,

1312 4228 1376 4282 rme
