3000 5150
368 497 448 584 258
527 489 602 567 Dr
650 486 894 566 Orarero
942 484 1200 569 Houruta

186 654 191 676 ²
229 688 331 745 aternu
379 665 558 763 testarique
578 663 742 739 malitiam
760 667 817 739 abs
845 665 878 738 se
900 664 1057 756 abluisse,
1082 690 1125 740 ne
1141 664 1238 740 laesus
1256 664 1373 760 ipsum

229 759 444 871 {ss‘ss‘ssffiqpro
459 764 557 838 hoste
578 765 720 853 babeat,
737 785 779 835 ac
794 760 940 837 viciliim
954 764 1089 837 hostilia
1109 764 1271 838 intentet.
1302 763 1374 867 Qui

231 883 360 934 πετο-ειη·
384 885 498 943 autem
524 884 591 936 anu
616 882 793 937 nnrrrrnu
817 861 960 934 alterum
986 862 1086 953 laesrt,
1118 863 1148 935 is
1169 886 1240 936 non
1263 864 1375 938 solum

234 946 320 1000 Μ’·
381 963 470 1038 ultro
485 963 735 1055 reparationem
748 960 864 1031 damni
881 959 983 1033 debet
998 958 1145 1047 offerre,
1172 961 1228 1034 sed
1243 958 1288 1034 δι
1306 983 1378 1056 pta-

381 1059 562 1138 nitentiam
589 1060 638 1132 sui
661 1058 744 1132 fasti
772 1055 974 1146 ostendere,
1009 1058 1216 1152 veniamque
1240 1080 1375 1154 petere.

379 1155 541 1235 Viciffrm
568 1157 661 1231 laesus
680 1157 755 1253 (b),
782 1155 995 1252 reparatione
1017 1158 1176 1243 obtenta,
1203 1160 1378 1251 pteniteu·

380 1258 472 1333 tiae
493 1257 624 1358 petenti
655 1274 795 1328 vaureu
821 1273 914 1326 nunu
929 1267 951 1342 ,'
974 1252 1013 1327 or
1037 1276 1119 1327 curn
1144 1252 1218 1349 ipso
1241 1253 1283 1328 in
1304 1279 1379 1354 gra·

381 1355 466 1431 tiam
488 1356 599 1429 redire
621 1371 769 1427 tenetur.
820 1351 917 1425 Nam
939 1353 997 1448 qui
1023 1354 1239 1445 reparatione
1257 1352 1382 1428 damni

243 1479 252 1494 ·
291 1507 295 1515 -
337 1455 339 1460 ’
378 1450 639 1549 &premenda
662 1449 878 1545 adquiescere
897 1472 965 1523 nun
984 1451 1081 1537 vult,
1106 1448 1161 1523 sed
1180 1449 1382 1526 vindidbarn

384 1552 503 1649 utique
533 1573 637 1624 manu
670 1547 729 1621 srbi
761 1545 938 1644 qtlaefitum
964 1547 1016 1631 it,
1046 1548 1128 1621 nihil
1156 1547 1250 1620 aliud
1288 1551 1379 1648 agit,

384 1657 490 1758 quatit
517 1667 554 1725 ut
578 1645 753 1724 acerbitati
770 1644 876 1719 animi
895 1644 942 1718 sui
966 1644 1191 1742 obsequatur,
1217 1646 1382 1747 adeoque

384 1745 431 1823 eit
453 1747 551 1821 causa
576 1747 788 1839 supervacua
812 1766 934 1838 pacem
952 1737 1041 1816 inter
1066 1744 1223 1817 homines
1239 1747 1382 1820 abrum-

305 1881 308 1887 ·
384 1835 455 1939 par.
516 1845 597 1944 Quo
628 1841 768 1916 nornine
796 1843 976 1915 damnatur
1004 1837 1108 1915 etiarn
1129 1843 1276 1917 naturali
1306 1846 1384 1945 lege
1425 1912 1426 1916 ,

384 1942 573 2016 Vtuntcrt
597 1937 686 2037 (c),
715 1960 791 2035 quae
827 1938 957 2013 nullum
996 1935 1101 2011 alium
1131 1938 1239 2013 finem
1273 1941 1384 2020 habet

387 2034 625 2134 proposrtunr,
653 2032 756 2133 quam
785 2037 877 2133 aegre
898 2033 1014 2126 facere
1036 2034 1124 2126 istis,
1151 2038 1300 2131 quinos
1328 2042 1384 2117 lae·

386 2137 532 2226 serunt,
568 2156 758 2231 eorumque
778 2136 899 2209 dolore
927 2132 1082 2209 nostrum
1109 2137 1262 2211 animum
1287 2137 1386 2215 faria·

387 2233 425 2310 re
450 2234 528 2333 (d).
577 2233 630 2308 Eo
657 2233 836 2329 proniores
861 2253 977 2309 autem
997 2236 1160 2307 mortales
1184 2232 1230 2306 ad
1248 2239 1386 2313 condu-

294 2401 300 2416 ,
341 2405 344 2414 ,
388 2333 518 2408 nandaa
539 2352 672 2405 mutuas
698 2330 845 2406 offensas
867 2328 934 2405 else
958 2330 1086 2428 decet,
1127 2353 1195 2428 quo
1218 2331 1386 2434 frequen·

389 2428 458 2505 'tius
484 2428 548 2522 ipsr
567 2430 715 2527 supremi
730 2428 899 2502 Numinis
920 2432 1012 2528 leges
1027 2428 1179 2520 violant,
1204 2452 1326 2530 eoque
1349 2433 1388 2514 dt

388 2525 453 2625 ipfi
478 2529 579 2604 venia
602 2526 757 2626 quotidie
782 2548 870 2623 opua
896 2528 1033 2604 babent.
1164 2551 1168 2560 ·

390 2725 537 2801 fieuerqsutu
554 2735 668 2799 quidem,
693 2734 726 2784 ast
741 2737 806 2786 luter
828 2738 871 2787 ho·
901 2732 971 2785 tione
988 2735 1095 2788 rustam
1110 2749 1194 2798 petet,
1217 2736 1244 2788 ln
1264 2739 1330 2792 statu
1347 2740 1391 2795 n't·

391 2802 488 2866 anines,
505 2812 534 2848 rc
555 2800 580 2847 ln
601 2801 658 2849 loro
679 2799 746 2849 civiil
760 2803 872 2851 usitatur!
903 2801 975 2848 rurali
992 2801 1084 2850 licitam
1098 2802 1391 2867 elsepronunelntaqul-

390 2874 443 2913 nun
463 2865 505 2910 en.
539 2862 636 2911 Ttntus.
902 2864 948 2912 bna
969 2865 1117 2926 ratioolbua‚
1139 2877 1191 2914 non
1213 2865 1302 2915 video.
1337 2870 1392 2920 Ml·

424 2924 479 2988 (b)
503 2925 596 2987 Vreiffia
618 2924 707 2988 insist}
751 2928 872 2980 Humane
903 2925 972 2974 scere
984 2927 1048 2977 inter
1061 2927 1086 2977 l'e
1102 2928 1199 2979 videtur
1211 2928 1392 2984 delmnonera

390 2980 470 3051 indoli
492 2991 564 3037 valde
583 2989 700 3037 convenit
728 2989 872 3051 ignoscere,
902 2988 928 3036 ln
953 2989 1014 3040 staro
1037 2990 1141 3041 naturali
1162 2994 1263 3041 uacuus
1290 2993 1321 3042 l'e
1346 3009 1395 3047 ex·

391 3050 423 3103 fic
452 3050 604 3112 uindictam,
630 3063 684 3112 quae
707 3053 764 3103 nibli
787 3054 872 3115 allud,
903 3053 1045 3103 tendentem
1058 3052 1243 3123 mmuludissa,
1263 3055 1341 3113 cuiue
1361 3059 1394 3110 11.

391 3116 465 3177 quarn
486 3116 585 3164 alterius
606 3115 734 3179 dolorem,
756 3116 873 3176 intendit,
903 3117 976 3168 nrlter
992 3118 1063 3167 aliter
1084 3119 1110 3167 ln
1129 3119 1190 3168 statu
1211 3118 1341 3182 monn,
1363 3135 1395 3174 ac

393 3178 560 3238 omittere,§.
579 3187 616 3235 13.
631 3182 654 3226 lr.
672 3184 792 3238 quatenus
809 3192 872 3240 ueta
904 3179 970 3241 civili
987 3180 1077 3243 ligendi
1088 3180 1152 3231 suut.
1191 3180 1220 3229 ln
1234 3179 1298 3231 stum
1316 3197 1394 3237 uatu-

413 3241 584 3295 etulmlicbam
595 3242 738 3304 intelligitur
751 3244 873 3294 curaexls
903 3245 950 3291 reli
973 3255 1032 3295 tunc
1052 3245 1151 3294 demum
1169 3243 1268 3293 lnlrlurn

391 3254 478 3369 {ende
503 3305 622 3381 cautionis
641 3310 683 3356 vel
706 3320 786 3367 prenae
815 3321 872 3367 pto·
903 3307 1001 3357 'videtur
1029 3306 1143 3357 vludletoe
1172 3307 1287 3375 vitiata,
1358 3312 1393 3379 t)

391 3369 874 3495 'lilla'ltailbtaltiltll‘}
904 3370 1337 3497 littifl‘tialattlilll
1358 3439 1395 3490 f..

425 3492 476 3554 (ι)
491 3495 622 3561 Damnarat
637 3500 704 3553 erla·
720 3503 824 3548 naturali
841 3502 872 3546 le-
908 3495 962 3558 ἂι,
978 3499 1067 3560 vel(3)
1079 3499 1395 3565 eruemmpenitenrii

391 3571 420 3620 μ
443 3557 573 3621 malina}
615 3560 695 3606 Potest
720 3572 802 3608 tamen
826 3561 872 3608 elle
904 3559 1394 3622 srclipromill'a,lltquecorupolltnest.

391 3632 520 3683 preuarum
537 3618 652 3681 exuuio,
675 3622 747 3671 etiam
767 3623 793 3672 in
811 3624 872 3674 llttu
902 3625 947 3673 llir
961 3622 1164 3684 commilitii,
1180 3624 1281 3685 qnando
1294 3630 1395 3678 leden·

391 3682 510 3742 naturali,
525 3691 640 3735 ouaenon
655 3684 871 3736 euulnalerrsen-
902 3687 920 3737 tl
943 3686 1038 3737 bostlllr
1065 3687 1234 3744 lutenttmrtn
1260 3687 1395 3742 dcerunt!

391 3738 422 3803 iu
441 3738 480 3793 bic
497 3744 616 3796 delinito:
633 3749 674 3795 sed
690 3752 720 3797 de
736 3752 796 3805 illa,
814 3750 874 3800 tide
904 3751 978 3798 animi
1001 3760 1094 3798 trorum
1117 3748 1291 3819 obsequimur,
1321 3768 1394 3806 men-

391 3808 447 3867 ois?
461 3808 485 3855 in
502 3805 524 3868 p.
539 3820 573 3861 17-
591 3812 639 3873 c'ap.
653 3823 676 3869 ⁵·
708 3814 841 3863 cnumcri.
904 3824 1004 3874 temque
1023 3812 1089 3861 illlus
1106 3816 1197 3863 dolore
1212 3817 1326 3881 explere¹
1343 3816 1393 3869 stu-

427 3870 481 3932 (d)
503 3871 608 3937 Nostrum
633 3876 730 3932 alt-aq
752 3873 873 3941 μείω.
902 3879 1002 3927 demus:
1028 3879 1095 3936 quod
1117 3869 1232 3932 mature
1254 3882 1394 3944 prom

354 3937 358 3944 '
392 3926 871 4000 Wauauustdbsl.vindictamque
904 3939 948 3992 est.
979 3941 1100 3994 Tutum

394 3994 493 4059 semper
510 3998 596 4052 vitiosa
611 3999 660 4065 est,
688 4015 715 4053 ut
736 4015 767 4051 ex
786 3999 872 4053 reflui·

387 4179 395 4193 .
537 4178 565 4202 ,,
1026 4190 1028 4195 .

391 4233 464 4277 '‘¹'‘u'
512 4202 519 4216 ·
693 4202 697 4207 Ι
766 4246 787 4275 .·:
987 4204 1023 4227 Ἰ
1233 4217 1238 4229 “
1307 4202 1399 4291 Ὅὶῖ
