3000 5150
243 499 294 581 3⁰
393 479 467 554 Ds
515 480 759 556 Orrtero
807 472 1060 555 Hosttrris

240 678 311 736 tem
335 657 475 731 inclinat
502 652 664 750 frequens
695 653 848 747 ejusdem
878 654 1013 750 generis
1049 652 1233 732 auronum

238 756 431 853 repetitio,
466 777 510 828 err
540 778 605 847 qua
635 772 734 825 ennta
756 754 955 845 proclivitas
982 759 1234 828 Consurruuu

166 937 167 942 ,
239 875 400 927 vocatur.
452 854 516 925 Per
530 851 620 923 hanc
637 849 763 1019 quippe
780 850 952 940 efficitur,
977 872 1014 922 ut
1029 853 1179 925 libenter
1196 855 1233 929 <it

240 951 403 1047 expedite
433 948 525 1022 aslio
551 946 662 1043 aliqua
708 948 915 1040 uscipiatur,
956 947 1062 1023 licut
1089 950 1233 1043 objeslo

239 1050 408 1147 praesente
430 1048 516 1138 inid
537 1050 630 1119 velut
654 1045 740 1117 trahi
767 1046 900 1119 animus
922 1046 1103 1135 videatur,
1129 1071 1189 1120 aut
1209 1053 1235 1122 i·

238 1150 321 1221 dern
345 1147 462 1219 absens
488 1142 785 1217 vehementissime
804 1142 980 1217 desideret.
1033 1147 1091 1218 De
1111 1168 1181 1239 qua
1200 1149 1233 1221 id

240 1243 525 1319 observandum:
562 1242 612 1314 uti
638 1240 728 1326 nulla
754 1242 889 1314 videtur
917 1242 982 1315 else
1014 1245 1232 1333 adsuetudo,

243 1345 326 1439 quin
349 1366 423 1415 earn
454 1339 606 1412 adhibita
632 1338 806 1432 diligentia
833 1340 955 1411 iterum
981 1365 1109 1413 exuere
1135 1341 1234 1437 poffit

243 1442 353 1513 horno
376 1463 387 1523 3
423 1439 472 1511 ita
495 1436 587 1509 nulla
614 1458 752 1532 quoque
773 1439 925 1510 animum
944 1463 1096 1535 eousque
1117 1442 1232 1513 detor·

243 1563 348 1633 quere
375 1537 495 1624 valet,
532 1554 568 1605 ut
594 1558 663 1605 non
689 1536 915 1609 exterioribus
938 1537 1052 1609 saltem
1080 1536 1231 1629 aslibus,

245 1638 279 1710 in
306 1658 393 1733 quos
416 1635 473 1707 illa
500 1632 659 1730 rapitur,
695 1631 772 1704 heic
790 1635 827 1708 dt
841 1658 931 1706 nunc
951 1635 1152 1708 cohibendis
1170 1652 1233 1733 par¹

242 1734 352 1806 horno
371 1731 410 1805 stt
437 1731 529 1827 (m).
581 1730 624 1801 Et
650 1732 727 1825 quia
752 1755 857 1825 penes
881 1732 1059 1805 hominem
1083 1730 1170 1822 fuit,
1196 1761 1232 1807 e·

240 1830 393 1929 jusmodi
420 1828 671 1902 adsuetudinem
698 1831 930 1918 contrahere,
965 1832 1045 1903 inde
1066 1853 1143 1905 utut
1159 1834 1233 1905 haec

244 1929 399 2004 essiones
426 1925 596 2015 faciliter,
630 1946 744 2001 tanren
768 1952 879 2023 neque
906 1929 985 2003 inde
1015 1933 1183 2002 bonarum
1199 1956 1233 2003 a·
1271 1972 1275 1979 ·

246 2028 403 2103 silotrum
422 2026 531 2121 pretio
552 2024 676 2120 aliquid
701 2027 839 2100 decedit
865 2027 958 2125 (n),
984 2050 1098 2121 neque
1114 2051 1228 2125 prava·

245 2151 324 2201 runa
341 2124 467 2197 malitia
487 2123 637 2196 redditur
658 2122 780 2195 levior.
831 2124 923 2225 Quin
944 2126 991 2198 uti
1009 2128 1104 2198 bona
1122 2127 1232 2201 adsue·

247 2223 334 2298 tudo
351 2222 498 2296 hominis
513 2221 673 2310 laudern,
698 2222 744 2295 ita
759 2244 869 2318 prava
886 2224 1039 2319 ejusdcm
1056 2226 1236 2321 turpitudi-

249 2345 331 2398 nem
348 2320 491 2396 intendit
518 2315 535 2415 (
566 2318 595 2416 ).

248 2649 312 2711 llos,
336 2642 386 2698 line
404 2646 540 2697 intentione
556 2642 674 2704 implendi
692 2649 728 2696 le·
759 2658 860 2705 temen,
876 2659 903 2696 ot
918 2648 1008 2697 exinde
1023 2645 1176 2698 cnnttsrlunt
1186 2648 1242 2696 red·

247 2726 303 2774 gem
324 2725 452 2770 parentum
475 2724 572 2760 morena
594 2710 620 2757 ln
644 2712 729 2761 dandis
758 2711 829 2758 datur
847 2713 919 2760 nobis
937 2713 1097 2771 impoliihile:
1122 2711 1163 2758 sed
1180 2712 1241 2758 llbe-

248 2774 432 2834 eleemosynis,
448 2775 572 2831 imitetur,
588 2774 668 2833 pretio
684 2777 727 2822 bo·
759 2787 813 2820 rum
831 2775 904 2824 uobis
920 2777 953 2822 est
969 2779 1005 2824 illi
1024 2775 1181 2823 inclinationi
1204 2780 1244 2822 re'·

249 2853 289 2886 ne
313 2836 415 2886 ustionis
436 2850 486 2885 uon
505 2850 592 2897 parurn
615 2839 728 2888 decedet.
760 2837 841 2886 istere
864 2841 887 2886 δι
903 2840 976 2887 variis
996 2839 1132 2887 rosionibus
1150 2841 1241 2885 voiun-

250 2904 331 2952 (lrro.
759 2913 835 2948 tatere
848 2900 966 2949 inclinare
980 2902 1005 2949 in
1020 2907 1123 2951 niteram
1135 2913 1241 2957 pertenta

280 2964 325 3089 q)
341 2963 408 3013 mido
426 2979 509 3028 prime
526 2968 550 3013 lu
569 2975 643 3012 cerras
660 2970 728 3015 otiis·
759 2967 798 3013 De
815 2963 839 3011 vi
858 2966 1040 3015 confiteturlinis
1053 2963 1121 3013 cous.
1132 2964 1243 3024 Effluit

249 3041 287 3078 att
324 3028 436 3087 Amplius
457 3027 539 3089 (lli.)
560 3031 668 3086 Habitus,
686 3032 729 3078 seu
760 3029 921 3077 Monrnrnrns
933 3031 961 3075 L.
972 3030 1012 3076 ill.
1027 3045 1046 3078 c.
1065 3042 1103 3085 1³·
1119 3027 1240 3075 Vsnuun·

248 3093 392 3155 eonsumdn,
406 3092 525 3141 voluntari
547 3092 729 3150 prncllvltsrem
761 3105 802 3139 nur
826 3095 922 3139 Senon.
939 3091 1002 3151 fidel.
1026 3107 1045 3140 r.
1069 3105 1109 3149 37.
1135 3090 1238 3138 Etnsurt

200 3200 203 3205 .
250 3155 374 3205 conciliat.
415 3156 462 3204 sed
482 3166 575 3203 tanturn
598 3157 682 3219 abeli,
704 3170 730 3206 ut
762 3157 923 3202 Bnnrrrnnrur
934 3153 1242 3217 Qnaestimrdeaeddam·

250 3218 373 3268 ostionem
386 3220 459 3269 faciat
480 3218 689 3281 involuntarium,
704 3232 730 3268 ιιι
755 3219 872 3278 suessico
884 3229 907 3277 p.
921 3231 959 3272 se.
977 3220 1087 3266 'fierunt

249 3283 333 3344 potius
343 3283 425 3339 rassin,
439 3295 470 3331 ex
480 3281 561 3330 babitu
570 3285 729 3343 precedens,
794 3280 847 3341 (n)
864 3282 939 3330 Pretio
953 3276 1155 3344 aliquiddeeedit]
1175 3281 1245 3328 Con*

250 3347 355 3406 fintplici
382 3347 478 3396 nslione
504 3346 581 3395 libera
604 3349 630 3395 sat
656 3348 730 3408 tnagis
763 3342 1151 3403 stretudinebonaquid··rnniltil
1169 3345 1243 3390 alece-

249 3413 407 3470 voluntarie,
429 3418 455 3460 ut
469 3411 510 3459 iric
527 3411 649 3471 docetur,
673 3423 729 3459 ntur
762 3410 795 3455 dit
812 3407 911 3464 officios
928 3411 1029 3456 multura
1050 3420 1133 3455 tnnren
1145 3406 1243 3455 virtutis

249 3474 346 3523 habitus
364 3480 429 3525 ultro
447 3475 494 3523 suls
512 3473 640 3529 ιιΐιιιιιιιις,
663 3479 728 3523 ultro
762 3483 817 3529 oure
835 3470 911 3517 vilrus
931 3485 980 3518 non
996 3473 1048 3530 eli,
1065 3473 1080 3518 ii
1100 3482 1194 3517 tsuturn
1212 3481 1245 3519 ex

250 3539 386 3598 retinetur,
405 3541 445 3597 δι,
461 3551 492 3585 cn
507 3537 600 3595 stante,
616 3540 730 3586 voluntas
762 3533 942 3583 consuetudinis
964 3533 1089 3594 principio
1114 3535 1245 3592 procedat.

250 3613 325 3661 quent
342 3602 448 3650 mitiore
466 3601 489 3648 io
506 3600 628 3650 astionem
644 3601 730 3652 influit.
761 3601 840 3646 bern.
998 3642 1000 3645 ,

254 3666 309 3713 trid.
324 3668 340 3712 l.
356 3679 376 3713 r.
393 3679 447 3724 αι.
463 3665 485 3725 5.
497 3665 520 3711 6.
535 3665 630 3712 Trerus.
794 3662 846 3722 (n)
864 3663 1033 3723 Turpiruriim
1044 3657 1162 3718 iuuuir]
1180 3661 1246 3708 niui-

288 3729 347 3790 (ιι)
367 3731 415 3777 Par
431 3731 490 3775 bomo
500 3726 546 3788 fit]
570 3726 730 3777 Consuetudo
763 3726 782 3775 ti
793 3728 833 3773 sua
847 3727 905 3772 vitia
920 3725 1036 3772 excusant
1052 3722 1247 3781 consuetudine,

254 3800 345 3840 tantem
361 3790 414 3839 vim
434 3792 574 3838 nonhabet
593 3793 617 3837 ln
637 3794 732 3841 animos
764 3791 806 3838 sed
824 3789 984 3846 perridicule:
1003 3785 1046 3846 ipli
1062 3786 1127 3833 enirn
1143 3787 1191 3834 lttc
1205 3801 1245 3834 ηε

254 3856 397 3912 hominurn,
413 3865 438 3900 ut
454 3866 498 3901 eos
511 3856 583 3910 plane
599 3854 732 3963 ippedisr,
765 3859 834 3900 tione
855 3849 1023 3903 confitentur,
1047 3850 1071 3896 i'e
1095 3861 1132 3896 tot
1150 3851 1248 3898 iteratis

255 3928 306 3973 nun
326 3918 405 3965 miuus
431 3915 566 3974 intelligent
588 3919 732 3977 entissime,
765 3914 1249 3971 uicibusrnalnntaeiinnentperpertas⁶

254 3979 352 4027 usinum
362 3993 519 4028 externorum
530 3980 732 4029 malusrinennr·
766 3980 806 4030 se.
826 3991 851 4024 ut
874 3979 971 4024 tandein
994 3980 1017 4022 in
1039 3977 1249 4024 consuetudinem

255 4044 328 4088 moda
347 4045 419 4100 longe
442 4043 557 4101 superare
579 4043 733 4092 consuctudi-
766 4040 871 4099 abierit,
886 4052 957 4097 quarn
971 4041 995 4087 su
1010 4039 1150 4089 voluntario
1167 4041 1249 4087 susce·

256 4105 295 4150 nis
306 4105 353 4157 iuae
367 4107 492 4154 blandities
503 4107 524 4153 δι
535 4106 733 4156 deiecistionenr.
767 4105 824 4160 uiue
842 4104 864 4152 δι
882 4102 1032 4154 etiamnunc
1047 4107 1115 4154 alere
1131 4104 1250 4153 innuunt.

255 4165 360 4220 sursunt
375 4171 528 4221 uoluentem
542 4169 565 4220 ir
580 4170 667 4230 nuiss
683 4180 735 4229 nou
765 4168 843 4219 hers
934 4225 937 4234 ,
1144 4230 1159 4291 s
1184 4230 1242 4278 w
