3000 5150
272 504 349 600 τῃ
435 469 1121 577 Ἐὐηιεκιεκτυιεῐῑὶ

269 678 406 777 finiflra
425 676 523 769 opinio
546 672 630 767 enred
652 673 762 743 inuitas
788 672 948 761 invalent3
979 675 1048 745 uiro
1070 674 1147 746 buna
1163 671 1263 768 satis·

236 781 244 821 ⁸·
267 777 381 877 fecere
397 776 482 845 debet
499 767 774 864 innocentiasuee,
797 776 886 865 cujus
899 773 1008 844 Deum
1024 796 1139 865 quaque
1158 773 1266 868 delient

276 869 388 960 habet,
412 866 605 961 currseieutia.
668 867 874 963 Exssimatiu
897 893 968 940 uere
992 868 1165 960 interflua,
1200 894 1267 964 qua

273 977 308 1045 iu
324 970 505 1067 specialibus
535 968 711 1050 honoribus,
750 960 793 1045 &⁹
815 968 959 1037 bonarum
984 965 1180 1061 inſsgnibus‚
1199 966 1267 1058 fita

211 1145 214 1152 ,
272 1071 339 1167 est,
367 1092 387 1139 a
403 1065 480 1138 Vtra
487 1063 632 1160 sapiente
651 1086 710 1133 uun
728 1066 857 1134 ulterius
874 1063 1021 1159 affidari
1041 1067 1146 1153 debet,
1173 1089 1267 1158 quarn

272 1180 422 1261 quatenus
447 1186 500 1249 en,
534 1165 587 1235 vei
606 1186 645 1233 ex
662 1161 823 1253 preclaris
850 1165 969 1232 meritis
991 1165 1117 1248 uritur,
1147 1164 1200 1233 vel
1227 1165 1265 1233 ii-

275 1263 422 1360 Iustriirus
434 1260 558 1355 saitis,
584 1257 626 1339 ἐπ”
651 1261 760 1352 quibus
783 1259 818 1329 de
839 1261 969 1331 huusaue
991 1260 1107 1330 Genere
1124 1261 1266 1357 beneest

274 1365 461 1446 meriturus,
502 1360 643 1429 iatiureru
667 1361 811 1449 campum
840 1360 950 1448 aperit.
1009 1357 1110 1429 Parte
1145 1354 1265 1450 insuper

276 1460 428 1542 Honore,
458 1473 517 1546 nuti
540 1455 584 1550 esi
605 1451 765 1547 insolenter
787 1455 1004 1545 gloriandum,
1044 1456 1139 1525 multo
1165 1458 1268 1525 minut

275 1558 426 1629 immeriti
451 1554 574 1625 hencres
584 1550 663 1644 suut
682 1554 860 1637 centiendr·,·
886 1555 1019 1622 amnium
1042 1554 1188 1641 minime,
1208 1570 1268 1645 per

274 1674 396 1751 pravas
416 1646 457 1733 Β
473 1653 629 1747 pudendus
644 1667 727 1720 artes
745 1651 789 1719 ad
806 1673 856 1722 eus
880 1648 926 1735 esi
946 1650 1157 1743 graffimdurn.
1199 1654 1267 1721 De·

276 1755 387 1844 nique,
415 1747 449 1841 fi
476 1751 594 1819 rneritis
615 1747 726 1843 uostris
752 1750 881 1839 aquales
911 1748 1036 1818 hencres
1060 1745 1174 1842 dloqui
1207 1771 1266 1817 nan
1287 1773 1322 1782 ⁹

276 1853 460 1940 contingat,·
496 1867 554 1916 uun
576 1847 640 1916 idea
659 1846 847 1936 deponendus
880 1847 924 1943 esi
946 1849 1092 1936 animus,
1115 1861 1173 1919 aut
1193 1849 1267 1917 irene

276 1946 391 2042 agendi
404 1943 547 2038 studium
569 1943 776 2013 amittendum.

214 2113 217 2125 ,
328 2041 395 2114 Vl.
422 2040 528 2112 Varie
545 2038 667 2134 insuper
683 2039 760 2110 Res
785 2042 977 2128 exsertum,
1000 2040 1043 2111 ad
1059 2037 1269 2137 vitaesusten'·

277 2142 424 2213 tutionem
439 2134 517 2229 sunt
533 2136 725 2231 uecefflzria‚
752 2160 827 2229 ques
840 2141 936 2209 etiam
953 2140 1026 2210 aliis
1036 2159 1155 2233 parare
1166 2162 1267 2231 quan·

277 2240 373 2333 doque
405 2232 542 2331 efficium
572 2238 699 2330 exigit:
737 2237 823 2305 eirca
856 2237 913 2306 has
949 2241 1051 2331 itaque
1079 2238 1267 2331 partiendam

277 2337 558 2431 quorsumnam,
593 2330 724 2424 accuſso,
760 2325 802 2412 δ’
828 2332 970 2425 bertelius
996 2338 1173 2430 permittit,
1209 2338 1268 2405 rite

270 2432 464 2531 satagimus.
524 2431 588 2503 Hic
615 2455 689 2502 vera
723 2437 924 2525 unusquisque
959 2430 1125 2526 meminsse
1162 2434 1270 2518 debet,

270 2529 341 2628 suis
356 2527 402 2612 i?
411 2527 541 2624 setarum
558 2527 684 2621 estius,
703 2527 855 2622 finitam,
880 2532 942 2622 ime
962 2530 1134 2618 medicam,
1158 2534 1270 2603 barrem

279 2644 386 2718 rtrum
402 2631 519 2721 cupium
541 2623 706 2721 sufficerc3
745 2631 829 2697 utin
853 2626 1032 2722 immensum
1049 2652 1141 2702 curas
1160 2625 1203 2710 ἐξ
1216 2654 1269 2701 cu-

226 2722 231 2733 ’
276 2729 396 2822 pidiues
408 2724 489 2817 suas
508 2724 604 2819 discet
621 2748 680 2795 unu
702 2726 873 2797 extendere.
924 2723 1073 2822 insuper,
1107 2744 1172 2822 qua
1195 2748 1270 2820 par.

274 2834 315 2896 'ta
323 2821 425 2915 sunt,
451 2825 557 2892 haberi
574 2824 701 2910 debent,
737 2838 771 2892 ut
791 2821 933 2917 subfidiu
950 2824 1062 2921 nestra
1082 2824 1269 2922 neceffitutis

278 2917 323 3001 δ’
339 2924 472 2990 materia
488 2922 523 2990 de
548 2921 622 2989 aliis
643 2922 719 2991 bene
740 2924 896 3010 merendi‚·
922 2948 980 2996 nan
998 2941 1032 2996 ut
1053 2927 1178 3018 quibus,
1197 2923 1270 3014 stne

272 3014 340 3118 fine
359 3020 500 3112 rrtaduque
521 3017 694 3114 congestis,
720 3042 835 3091 uanam
859 3024 925 3115 quis
950 3025 1204 3118 imaginationem
1229 3024 1269 3091 ti·

279 3119 370 3191 tiiiet.
423 3117 628 3213 Cogitaudurn
643 3117 689 3209 eli
707 3120 821 3205 etiam,
845 3121 1007 3193 Naturam
1024 3143 1082 3193 uun
1105 3118 1265 3212 definere,

280 3216 413 3315 istarum
439 3239 542 3288 rerum
570 3240 635 3308 qua
658 3217 829 3288 horninibus
863 3243 882 3289 u
898 3224 930 3291 ui
950 3218 1031 3314 sunt
1062 3216 1116 3312 effe
1142 3216 1268 3312 facun-

281 3317 373 3387 dam:
406 3320 499 3402 item,
524 3338 589 3407 que
613 3319 646 3386 iu
660 3313 813 3406 futurum
836 3334 1039 3409 reponuntur,
1071 3322 1170 3389 variis
1192 3312 1270 3408 cufl-¹

279 3417 338 3485 irus
361 3416 418 3510 ff
439 3417 590 3497 obnoxia,
615 3431 650 3484 ut
673 3416 765 3484 iniis
787 3412 1007 3511 crisiadiendis,
1024 3414 1112 3512 sape
1130 3440 1190 3487 nan
1214 3417 1269 3484 rui·

277 3537 444 3606 nusquam
467 3518 500 3583 iu
516 3515 724 3605 acquirendis,
749 3517 848 3584 anxia
856 3511 1020 3608 solicitude
1046 3517 1184 3586 hemines
1199 3535 1267 3584 cru·

279 3617 365 3684 ciart
381 3610 506 3703 select:
540 3613 643 3680 munia
667 3611 792 3704 denique
813 3616 954 3683 metienti
978 3611 1036 3706 else
1061 3609 1266 3706 relinquente.

280 3712 370 3782 Sicut
386 3712 505 3804 igitur,
538 3725 682 3780 externas
702 3731 750 3781 res
769 3709 856 3809 juste
876 3712 1051 3805 acquirendi
1073 3708 1185 3802 acceſso
1208 3729 1265 3777 nan

280 3808 326 3901 est
341 3810 553 3902 negligenda3
579 3812 643 3889 ira,
670 3831 764 3900 neque
785 3811 825 3879 iis
844 3810 1036 3903 interceptis,
1061 3810 1115 3880 vei
1128 3803 1268 3902 ameffir,

281 3908 434 3977 concidere
456 3907 538 3976 debet
568 3909 703 3976 aniurus.
765 3907 811 3976 Et
831 3903 916 3997 ficut
940 3906 1070 3994 radten,
1099 3900 1203 4000 officie
1219 3899 1268 3995 fic

171 3998 174 4004 ’
276 4002 474 4096 postulante,
495 4002 568 4094 sunt
587 4006 734 4075 alacriter
747 4006 938 4097 eroganda3
961 4007 1008 4074 ite
1027 4018 1086 4076 nun
1095 4002 1178 4100 sunt
1188 4020 1269 4098 pree·

279 4111 327 4171 ter
346 4100 553 4195 neseffltatem
570 4099 770 4199 diffipauda:
794 4127 876 4200 aaut
896 4105 977 4181 enim
986 4102 1123 4204 stultum
1131 4098 1244 4198 fuerit
1255 4136 1269 4205 ,j

1217 4206 1269 4274 edi
