3000 5150
422 467 432 520 ⁴:
497 425 1085 508 cumulatos
1221 454 1247 514 ς

249 608 459 689 tradlationit
480 602 627 681 materia
657 603 704 678 ita
729 605 817 679 inter
837 604 870 677 le
892 604 1081 699 differunt,
1120 628 1242 687 utne.

247 736 308 783 mo
332 710 467 784 alterius
498 706 623 780 limites
650 703 793 800 attigiffe
814 705 977 780 dicendus
1002 704 1053 783 fit.
1105 710 1242 788 Ttrtua

246 809 492 893 definitiones,
539 799 738 874 divisiones·
766 802 806 876 di
844 808 1008 879 terminos
1048 809 1238 886 maximam

244 930 378 1004 partem
406 901 638 988 examinavit,
666 902 829 975 minutias
852 926 1105 999 nonnumquam
1129 908 1238 982 sesta-

245 1031 301 1080 tus
318 1004 475 1079 methodi
492 997 767 1075 Puseudorfianae
792 1002 995 1072 accerrimus
1019 1005 1141 1094 ubique
1155 1030 1237 1082 cen·

245 1106 311 1179 sor.
367 1104 684 1176 llocniimiriiis‘
699 1100 734 1169 in
759 1101 889 1193 collegio
909 1098 1148 1196 Pipsendorfiuno
1166 1129 1239 1181 non

247 1222 318 1273 tarn
345 1202 467 1273 librum
494 1200 585 1271 hunc
609 1196 778 1290 respexit,
809 1221 912 1289 quarn
949 1204 1047 1269 locor
1083 1224 1239 1278 commu.

247 1323 308 1373 nes
333 1301 418 1397 juris
450 1318 580 1371 naturae
605 1294 775 1381 condidit,
819 1296 1031 1391 theologiam
1073 1301 1241 1373 moralem
1306 1295 1308 1298 ’

249 1398 424 1471 admiscuit
449 1395 487 1470 dc
516 1392 701 1487 theologiae
732 1393 908 1491 revelatae¹
928 1394 1108 1490 principiis
1130 1402 1166 1469 in
1185 1400 1241 1495 ju·

246 1500 291 1571 ris
322 1517 452 1570 naturae
478 1495 608 1591 placitis
638 1491 814 1563 firmandis
841 1492 917 1565 usus
943 1490 1002 1565 cst.
1057 1494 1242 1573 Wnrtmmtn

247 1614 380 1668 tentum
412 1593 486 1667 sere
524 1613 655 1664 tantum
691 1587 884 1664 brevilhnre
910 1592 1089 1679 declarat,
1126 1598 1165 1667 dt
1201 1617 1242 1668 o·

246 1696 339 1767 miiia
363 1691 404 1765 ad
429 1692 523 1765 usum
552 1689 725 1784 praecipue
745 1688 935 1783 juridicum
962 1691 1087 1788 dirigit.
1139 1693 1242 1769 Kavt-

245 1806 382 1865 uanrcn
415 1790 451 1863 in
479 1788 697 1884 aphorismos
725 1787 845 1859 librum
880 1786 975 1860 hunc
1007 1790 1241 1867 commodissi-

245 1914 303 1962 me
331 1886 492 1978 resolvit,
526 1884 734 1976 interspersit
755 1886 815 1974 iis,
839 1908 916 1982 quae
939 1911 958 1957 a
983 1885 1239 1971 Pirithoum

246 1985 366 2061 omissa
391 1986 538 2061 suerunt.
591 1984 718 2057 lisinii
744 1986 876 2057 duabus
903 1983 1046 2079 plagulis
1067 1988 1101 2058 in
1130 1991 1238 2064 tabel-

247 2087 295 2159 lns
321 2086 463 2183 redegit.
514 2084 750 2157 Witortincrr
777 2083 944 2175 exemplis
964 2083 1120 2177 juridicis
1151 2108 1242 2160 non·

248 2205 435 2277 numquam
469 2180 639 2255 historicis
664 2178 876 2263 illustravit,
904 2180 967 2251 vix
991 2182 1026 2251 iu
1051 2181 1147 2255 ullius
1169 2186 1243 2258 sert·

251 2280 370 2353 teritiae
386 2282 565 2353 veritatem
587 2274 775 2368 inquisivit.
826 2277 1079 2351 Britannicus
1104 2279 1138 2351 in
1158 2281 1242 2354 Gal·

250 2379 352 2452 licam
379 2376 529 2472 linguam
554 2368 801 2468 elegantiffime
822 2369 1011 2457 transtulit,
1047 2376 1135 2454 notis
1158 2401 1244 2470 pau·

248 2474 387 2547 cissimis
409 2473 570 2571 adjediir:
596 2492 702 2565 quum
731 2470 847 2543 omnia
870 2468 1057 2543 vallissimo
1071 2473 1130 2548 suo
1146 2499 1245 2551 coma

247 2571 418 2647 mentatio
446 2572 491 2645 ad
514 2569 626 2665 major
650 2569 895 2643 Portunonrrr
924 2593 1012 2664 opus
1037 2578 1245 2668 complexui

244 2670 337 2746 esset.
393 2673 575 2745 Pnoaaaus
600 2669 717 2741 omnia
741 2667 828 2763 juris
845 2686 975 2741 naturae
1000 2671 1165 2768 dogmata
1195 2701 1244 2756 ex

243 2770 505 2848 conservatione
537 2765 585 2842 siri
624 2765 826 2839 immediate
860 2766 1034 2842 deducens
1067 2769 1161 2846 hunc
1200 2775 1242 2851 li·

243 2871 342 2944 bium
371 2865 542 2964 principio
572 2861 650 2956 ihi,
676 2864 800 2959 majori
820 2865 958 2960 quidem
982 2866 1103 2944 ordine
1123 2869 1163 2946 dt
1189 2898 1243 2950 ra·
1310 2935 1313 2939 ,

244 2967 467 3040 tiociuiorum
507 2988 599 3039 nexu
643 2963 924 3038 accommodavit
964 2965 1154 3065 limatoque
1183 2973 1241 3068 ju·

243 3066 336 3140 dicio
372 3063 576 3159 proposuit:
615 3062 670 3136 sed
713 3062 879 3159 principia
907 3062 989 3158 justi
1025 3063 1084 3160 ἃ,
1105 3068 1242 3148 honesti

244 3187 314 3236 non
352 3163 428 3237 satir
457 3161 619 3237 distinxit.
693 3160 980 3236 Picausrrcuan
1028 3163 1133 3238 edidit
1166 3169 1242 3257 qui.

245 3261 326 3334 dem
356 3263 471 3334 denuo
497 3260 648 3334 libellum
683 3259 955 3348 Patrimonium
987 3259 1044 3334 sed
1068 3263 1244 3356 promili'aa

247 3361 285 3432 in
322 3380 402 3434 eum
440 3355 726 3446 observationes,
772 3378 937 3453 quantum
966 3355 1053 3430 mihi
1082 3359 1241 3455 constat,
1276 3374 1278 3376 ’

247 3455 407 3530 nondum
450 3457 487 3528 in
526 3459 638 3531 lucem
678 3457 857 3551 protraxit.
930 3455 1000 3528 His
1035 3457 1244 3538 accesserunt

244 3557 452 3630 Lauinium
489 3555 754 3642 adnotationes,
795 3553 852 3648 qui
893 3553 1071 3629 variorum
1111 3557 1242 3636 senten·
1342 3578 1347 3587 ·

245 3654 311 3728 tias
343 3675 389 3727 etr
421 3651 556 3725 diversa
589 3650 679 3746 saepe
712 3648 893 3747 hypothesi
926 3675 1064 3729 exortas
1096 3679 1241 3756 conget-

245 3751 316 3837 fit,
352 3751 550 3846 placitaque
586 3749 645 3823 sua
681 3746 862 3846 interjetla
899 3749 1095 3828 collustrare
1134 3758 1244 3856 magia

197 3873 199 3878 ¹
246 3849 380 3940 voluit,
413 3870 517 3944 quarn
551 3847 796 3925 demonstrare.
854 3849 908 3947 Jo.
933 3850 1066 3928 Birra.
1099 3854 1243 3933 Wtatt·

248 3966 335 4025 aaut
365 3946 521 4028 malem
546 3950 590 4027 ad
613 3949 709 4027 hunc
739 3947 864 4026 librum
893 3950 994 4028 valde
1021 3974 1242 4128 extempoplii
