3000 5150
249 476 318 538 'rin
400 461 472 564 Dr.
528 455 768 536 O'rrrcro
817 458 1075 539 Hourrtrl

243 647 296 723 riu
320 642 361 717 dt
380 641 528 718 Veneris
551 639 761 726 efferuntur,
790 662 932 735 quorum
960 646 1100 741 utrique
1115 657 1236 728 ¹tanrett

241 742 333 819 sacili
356 742 496 837 negotio
521 740 592 832 ipsa
622 736 813 811 satisfacere
837 736 982 833 possunt.
1036 744 1081 813 Et
1105 767 1154 816 eo
1179 749 1234 819 de·-

241 840 364 915 srderio
381 840 490 930 sopito
510 860 577 909 nou
594 856 723 908 temere
738 835 772 908 in
790 835 877 925 iras,
903 842 1017 912 autad
1034 842 1231 915 laedendum

242 943 326 1012 alios
350 937 581 1022 concitantur,
608 932 668 1006 nisa
687 933 760 1029 quis
782 933 975 1009 irritaverit.
1034 935 1100 1009 Ast
1125 940 1231 1014 horno

242 1038 366 1110 animal
388 1031 461 1121 est,
488 1034 581 1105 nullo
602 1054 672 1103 non
692 1051 848 1126 ternpore
870 1034 905 1107 iu
927 1033 1104 1108 libidinem
1135 1061 1227 1127 para·

242 1155 337 1222 tum,
372 1132 469 1221 cujus
493 1129 632 1202 stimulis
659 1128 759 1224 longe
787 1128 997 1224 frequentius
1028 1134 1225 1223 vellicatur,

239 1255 343 1401 dmm
366 1228 607 1301 conservanda
632 1225 753 1320 speciei
787 1226 1007 1301 netellarium
1035 1232 1226 1307 videbatur.

257 1331 403 1425 ujusdcm
426 1347 563 1421 quoque
586 1344 710 1396 venter
735 1347 804 1397 non
834 1326 941 1399 satiati
959 1327 1151 1419 duntaxat,
1177 1329 1226 1404 sed

241 1429 280 1501 dr
306 1425 429 1497 titillari
455 1426 554 1508 vult,·
580 1420 617 1494 δι
637 1420 725 1506 saene
745 1421 842 1515 plura
864 1425 1012 1517 adpetit,
1040 1449 1149 1521 quarn
1174 1451 1224 1500 na·

243 1545 318 1598 tura
334 1524 485 1619 digerere
501 1523 602 1592 valet.
654 1516 818 1592 Vestibus
833 1544 877 1593 ne
895 1523 1093 1618 indigerent
1112 1526 1223 1614 bruta,

242 1643 362 1697 natura
386 1618 570 1715 prospexit.
621 1614 684 1687 Ast
707 1616 814 1689 homo
841 1642 910 1691 non
928 1622 969 1691 ad
994 1621 1224 1696 necessitatem

242 1740 406 1805 tanturn,
442 1718 495 1789 sed
521 1716 556 1788 dt
581 1714 623 1784 ad
654 1712 918 1789 ostentationem
944 1716 1060 1791 uestiti
1092 1723 1226 1816 gaudet.

218 1813 348 1890 'Multi
382 1832 545 1909 praeterea
576 1809 720 1884 affedlus
751 1834 853 1910 atque
883 1815 1090 1907 cupidines,
1126 1820 1227 1893 brutis

241 1913 381 2009 ignoti,
414 1911 447 1983 in
474 1910 670 1981 mortalium
691 1932 819 2003 genere
839 1911 1159 2007 deprehenduntur,
1194 1938 1228 1989 ut

241 2008 411 2105 superflua
435 2006 583 2080 habendi
602 2006 729 2097 libid0‚
756 2012 918 2099 avaritia,
945 2014 1066 2106 gloriar
1081 2013 1121 2086 dr
1135 2015 1226 2087 inter

241 2109 327 2183 alios
351 2104 523 2181 eminendi
552 2103 738 2198 cupiditas,
765 2107 910 2194 invidia,
939 2110 1129 2198 aemulatio,
1167 2112 1221 2184 in·

240 2207 490 2306 genioromque
512 2203 696 2275 contentio.
747 2202 877 2278 lndicio
899 2205 971 2295 est,
1003 2208 1092 2303 quod
1113 2209 1221 2303 plera·

241 2329 308 2402 que
334 2304 444 2392 bella,
471 2302 589 2398 quibus
613 2324 720 2396 genus
743 2303 938 2376 mortalium
964 2305 1153 2394 colliditur,
1179 2309 1224 2380 ob

240 2403 357 2476 causas
372 2422 550 2497 gerantur,
578 2399 681 2471 brutis
699 2400 840 2495 ignotas.
892 2402 1089 2500 Atque⁸ista
1110 2405 1227 2478 omnia

240 2500 413 2576 stimulare
439 2498 597 2569 homines
622 2492 820 2590 poliunt&
845 2497 971 2592 solent,
1008 2520 1048 2575 ut
1071 2500 1135 2576 sibi
1157 2525 1228 2576 tnu-

240 2619 304 2673 tuo
328 2619 456 2671 nocete
477 2594 596 2668 velint.
649 2595 796 2667 Accedit
811 2596 847 2667 in
866 2600 979 2672 multis
993 2594 1226 2697 eximiaque·

240 2698 321 2769 darn
346 2694 550 2789 petulantia,
587 2688 625 2762 dt
650 2690 723 2763 aliis
746 2692 924 2769 insultandi
946 2698 1085 2793 libidor
1110 2700 1226 2798 quibus

239 2792 376 2878 caeteri,
402 2792 504 2863 etiam
531 2785 685 2860 modesto
708 2789 848 2887 ingenio
879 2796 1031 2890 praediti,
1062 2795 1225 2872 studiose

238 2908 284 2962 ac
319 2890 412 2961 suam
443 2887 632 2962 libertatem
654 2888 878 2964 conservandi
909 2915 951 2965 ac
981 2894 1125 2984 tuendi,
1163 2920 1226 2970 non

239 2985 376 3086 possunt
407 3007 478 3058 non
504 2982 659 3072 offendi,
697 3009 738 3059 ac
765 2988 807 3060 ad
829 2980 1049 3066 resistendum
1081 2995 1225 3091 accingi.

243 3085 460 3188 Quandoque
483 3083 587 3158 etiam
610 3081 767 3158 homines
785 3088 827 3160 ad
857 3108 990 3163 mutuas
1010 3090 1223 3168 laesronetitu

240 3206 326 3259 citat
351 3184 485 3277 inopia.
519 3178 558 3254 dt
584 3182 677 3277 quod
699 3184 845 3278 praesens
868 3210 979 3262 rerum
1007 3192 1117 3284 copia
1137 3191 1225 3287 cupi·

240 3283 401 3359 ditatibus
425 3300 482 3355 aut
507 3279 704 3376 indigentia
728 3304 848 3358 eorum
871 3307 942 3361 non
970 3286 1128 3378 sufficiat.

421 3470 1063 3579 pN&GLmapssp

579 3648 584 3661 ·
1165 3610 1229 3695 Sed

240 3811 334 3875 metipsi
354 3810 446 3861 biert:
477 3824 525 3870 per
548 3803 650 3870 cogitata
677 3812 718 3862 sua
748 3814 837 3874 peruri
854 3814 1031 3865 emendandam
1051 3816 1074 3865 dr
1096 3814 1234 3867 benedltl·

242 3875 339 3933 semper
362 3877 484 3933 inquietus
505 3874 597 3933 majora
623 3877 718 3924 annelat
749 3881 852 3937 gendum
890 3879 1034 3936 opinionem
1074 3892 1235 3941 provocatur,

240 3937 265 3982 dt
284 3938 365 3984 sedato
386 3940 468 3997 aliquo
486 3939 603 3987 defiderio
619 3940 719 3987 medita·
751 3944 807 3999 qula
824 3941 1019 3999 intellexerunt,
1038 3953 1158 3999 quantum
1179 3955 1233 3991 uto·

241 3999 309 4045 tione
332 3999 371 4047 sua
390 4015 456 4049 nova
470 4002 554 4061 elicit,
580 4014 634 4059 que
655 4014 719 4050 tran·
750 4012 859 4051 mentum
877 4005 1178 4055 adnominirsellcit'atem
1193 3998 1234 4056 ad·

241 4058 386 4115 quillitarem
411 4066 548 4122 lrnpedlunt
570 4065 592 4111 u
617 4070 719 4122 peruet-
750 4068 813 4115 ferar
833 4063 901 4113 reete
925 4068 957 4115 de
984 4069 1057 4116 rebus
1078 4072 1189 4130 cogitare
1212 4070 1235 4118 Ω

241 4133 303 4171 tunt.
335 4124 416 4183 Quare
428 4129 521 4187 stoici,
542 4138 568 4176 ut
580 4125 718 4177 enAutoel·
752 4130 857 4193 opinari.
896 4129 970 4180 Cuns.
987 4131 1236 4185 Mortua-erm&

240 4187 412 4249 nuptuire,
431 4194 535 4242 Arrun
548 4201 635 4255 patet,
656 4191 720 4244 seur·
749 4190 815 4247 sau
830 4188 848 4247 l.
859 4202 883 4244 a.
895 4208 915 4246 r.
928 4203 953 4246 a.
985 4192 1106 4251 suun.
1163 4248 1228 4324 Η

1227 4280 1237 4313 r
