3000 5150
301 537 305 546 .
385 493 436 585 93
545 479 1098 557 Sutttttnannutt
1146 475 1208 554 11.

390 679 439 750 re,
465 659 548 758 istud
553 654 721 753 secundum
741 656 885 750 generale
906 655 1093 749 Praeceptnm
1111 659 1145 727 in
1164 658 1227 729 duo
1241 662 1377 753 protine
1419 661 1421 694 ³

390 759 632 856 oisulortlt'nata
648 755 692 853 ost
707 750 936 847 diffiniendum.
989 757 1150 848 Imprimis
1170 759 1258 826 anim
1283 781 1375 827 occur·

391 867 458 943 rit,
483 856 630 950 quasdam
649 850 706 946 ff
720 855 875 937 actiones,
900 854 1008 945 quibus
1026 855 1093 945 quis
1106 850 1189 945 fili,
1220 857 1279 925 vel
1294 855 1378 924 alicui

393 960 469 1044 alii,
505 959 550 1023 ita
577 952 749 1045 benefacit,
783 966 819 1020 nt
845 952 957 1021 nullius
980 950 1107 1021 alterius
1130 953 1311 1024 utilitatem
1335 954 1379 1021 lo·

370 1057 466 1142 ‚dats
491 1053 524 1122 do
538 1052 603 1136 bis,
628 1053 700 1141 quin
720 1048 762 1118 ad
780 1050 908 1119 lrutnani
927 1051 1051 1142 generis
1073 1073 1237 1122 cotnntuno
1267 1052 1379 1121 Bonum

386 1152 542 1250 faciant,
575 1171 635 1218 non
659 1146 703 1241 ost
725 1146 807 1216 lotus
831 1146 1016 1218 dubitandi:
1050 1147 1120 1247 Qui
1139 1151 1226 1219 onim
1253 1150 1311 1219 uni
1331 1150 1381 1243 Sy-

386 1248 535 1350 stornotit
553 1247 640 1339 parti
656 1243 800 1340 prodest,
827 1247 939 1336 absquo
957 1245 1086 1315 alterius
1103 1247 1295 1339 cujusquam
1314 1265 1381 1340 pot·

396 1354 438 1420 tit
455 1368 535 1417 noua
557 1343 752 1427 volitarunt,
773 1341 893 1437 prodoll
915 1343 1000 1412 haud
1020 1344 1108 1412 dubie
1132 1348 1261 1438 integro
1286 1343 1382 1441 Spu·

397 1446 497 1519 niati:
522 1463 644 1534 cumque
667 1439 710 1509 ad
731 1440 783 1511 hot
807 1463 904 1535 genus
921 1442 1072 1533 precipue
1093 1443 1280 1534 pertineant
1299 1446 1380 1511 innu-

396 1565 486 1617 tutta
502 1534 640 1631 Officia,
667 1561 731 1630 qna
745 1541 849 1631 cuique
859 1561 935 1633 erga
946 1534 986 1630 so
998 1537 1169 1633 prastandi
1186 1542 1323 1631 quotidie
1339 1539 1379 1634 est

397 1635 531 1732 ocoafi03
558 1631 600 1717 ἐξ
620 1660 688 1708 tum
711 1631 828 1729 Officia
851 1658 1021 1728 quocunque
1041 1633 1113 1728 casu
1132 1635 1381 1731 proeliandum·

393 1762 439 1835 ga
464 1738 559 1821 alios,
593 1735 635 1804 ad
656 1750 840 1826 praeoptata
866 1734 1055 1805 Socialt'tatis
1084 1735 1170 1805 lraud
1198 1736 1381 1806 incommodo

395 1832 514 1928 reform
540 1848 675 1923 patnnt5
699 1826 846 1925 sufficit,
877 1833 1029 1926 prioribus
1057 1830 1126 1928 istis
1157 1834 1382 1905 accommodari

391 1935 528 2028 primum
540 1927 782 2023 subordinatum
813 1930 1028 2023 Praeceptum,
1061 1952 1118 2023 quo
1130 1928 1307 2025 statuitur,
1336 1930 1382 2000 U·

395 2028 557 2122 nicuique
585 2025 730 2098 Homini
756 2025 787 2097 le
812 2024 879 2100 elle
901 2026 1110 2115 curandum,
1142 2026 1311 2123 suamque
1335 2028 1384 2098 in·

394 2118 538 2199 noxiam
567 2124 749 2196 utilitatem
776 2126 1063 2219 promovendam.
1130 2126 1205 2197 Hac
1224 2130 1385 2219 pertinent

396 2220 499 2320 offitio
517 2224 669 2319 explicata
683 2222 765 2315 Cap.
792 2243 825 2310 5.
841 2221 889 2320 Μ.
912 2243 952 2310 1,
971 2221 1061 2309 2‚&
1074 2246 1105 2314 3.
1124 2219 1168 2305 &⁹
1181 2226 1296 2316 Suppl.
1318 2224 1381 2292 lll.

447 2320 529 2394 VII.
557 2322 602 2393 At
620 2318 801 2417 saepiuscule
825 2326 924 2393 evortit
937 2374 949 2410 ,
982 2321 1175 2416 diversorum
1198 2321 1381 2407 hominum,

396 2438 486 2514 atque
504 2422 577 2491 ariao
595 2420 699 2510 nostra
724 2415 767 2498 ἐξ
789 2436 960 2491 caletorum
970 2471 982 2507 ,
1006 2422 1162 2491 commoda
1178 2422 1259 2491 inter
1272 2422 1310 2508 se
1327 2421 1383 2491 tol·

397 2521 474 2606 lidi,
501 2532 535 2586 ut
554 2519 692 2588 omnibus
705 2516 805 2609 stmul
823 2516 975 2612 consulem
992 2540 1050 2590 nnn
1069 2515 1238 2614 poffirnus:
1274 2543 1330 2613 quo
1353 2521 1382 2588 in

399 2612 495 2710 casu,
521 2614 594 2706 qnid
606 2616 738 2685 ltuntnno
759 2621 866 2709 generi
882 2621 915 2685 in
932 2616 1106 2711 universum
1116 2615 1165 2709 stt
1180 2621 1309 2705 utilius,
1329 2641 1382 2688 non

380 2711 552 2808 'aquooji
584 2727 736 2803 apertum.
804 2713 868 2785 Hit
892 2716 993 2810 itaquo
1018 2718 1097 2787 locut
1126 2715 1175 2810 est
1207 2718 1381 2799 ratiocinio,

401 2833 457 2905 quo
473 2814 505 2879 in
522 2812 613 2880 tertio
626 2810 729 2901 Capita
745 2813 845 2883 utitur
859 2812 1129 2886 Puffendorfitts:
1156 2815 1331 2886 Hominum
1337 2811 1380 2908 sc

400 2923 547 2979 naturam
573 2909 619 2977 ita
642 2907 698 3001 offo
721 2911 938 3006 constitutam,
969 2927 1004 2983 ut
1024 2909 1066 2993 ὅ)
1078 2910 1203 3006 finguli
1223 2915 1271 2985 ad
1291 2916 1380 2986 uitam

399 3003 639 3098 conservandam
664 3005 774 3101 (cnjus
796 3025 901 3082 tanton
925 3009 1033 3084 tenetd
1054 3011 1216 3084 admodum
1241 3011 1320 3084 curd
1346 3004 1381 3090 il

392 3102 527 3203 sollicito
542 3102 643 3198 [ludio
659 3108 782 3199 quisque
804 3110 939 3195 ducitur,
971 3109 1001 3207 ᾗ.
1029 3110 1087 3203 2.)
1121 3110 1232 3182 notium
1258 3113 1302 3184 ad
1321 3131 1381 3182 eam

402 3205 555 3277 oonnnoda
571 3207 739 3297 agettdont,
766 3209 875 3279 aliena
899 3212 963 3304 opit
982 3211 1160 3304 indigeant,
1185 3207 1216 3306 §.
1252 3232 1285 3304 3.
1313 3209 1381 3303 (ali

401 3301 507 3397 oartfu
528 3301 734 3375 Ciceronem
765 3307 801 3378 do
824 3305 895 3378 Off.
917 3309 973 3379 lib.
998 3311 1041 3379 ll.
1062 3329 1127 3400 cap
1149 3325 1167 3397 3
1192 3304 1233 3380 δι
1261 3308 1322 3403 4.)
1346 3297 1380 3384 [i

400 3417 527 3486 cantra,
551 3404 652 3472 variis
665 3407 779 3475 anima
794 3410 981 3500 corporisque
996 3409 1131 3492 dotibus,
1156 3407 1201 3477 ad
1214 3425 1302 3502 opem
1319 3405 1382 3476 aliis

392 3497 586 3592 serendam,
617 3521 684 3596 pra
709 3500 833 3594 reliquis
859 3508 974 3575 canitis
998 3507 1230 3592 animantibus,
1249 3504 1318 3598 stnt
1340 3505 1382 3571 in·

390 3596 529 3694 sirntii,
549 3595 650 3688 finnt
669 3623 704 3669 oc
724 3601 877 3691 proclives
885 3601 976 3696 folii
985 3659 994 3691 ,
1020 3604 1127 3701 (vide
1146 3599 1382 3677 Cambetland.

399 3698 442 3766 tle
460 3694 606 3787 Legibus
623 3696 788 3784 Natntae,
825 3721 899 3793 cap.
926 3703 967 3774 ll.
994 3702 1023 3801 ᾗ.
1053 3726 1110 3796 23·
1136 3698 1173 3772 ἃ
1192 3702 1312 3798 seqq.)
1338 3718 1383 3771 net

399 3797 501 3862 ntinut
517 3795 661 3872 interim,
688 3790 730 3875 &⁹
743 3801 882 3869 ontnt'ltus
900 3798 968 3895 iliis
993 3818 1113 3873 natura
1121 3797 1190 3895 sua
1203 3800 1385 3896 proerogati-

400 3894 448 3960 uit
463 3891 506 3960 ad
518 3914 613 3960 nonos
632 3889 789 3984 efficatius
807 3899 936 3968 inuitant
952 3899 1130 3994 inferendas
1148 3902 1238 3970 abuti
1255 3911 1383 3994 putant,

397 3984 428 4079 ᾗ.
455 4010 488 4075 5.
515 3986 557 4066 ὅ)
567 3989 791 4083 stimulorum,
817 3998 926 4085 quihus
953 3999 996 4069 ad
1010 4001 1063 4067 hoc
1084 3998 1247 4069 nolendum
1262 4002 1385 4070 inciten-

399 4099 471 4174 tur,
496 4082 731 4181 offitltibusjt'nt
748 4094 890 4187 obnoxii,
913 4094 961 4198 §i
989 4121 1012 4189 4
1038 4094 1081 4179 δ’
1099 4101 1133 4174 6.
1186 4097 1279 4173 Unde
1284 4094 1387 4196 sequi·

1325 4209 1389 4285 no,
