3000 5150
427 479 973 558 Sueouaueuron
1017 483 1046 559 Ι.
1130 507 1133 519 ’
1209 499 1235 580 7

241 658 297 730 uel
323 657 363 728 ab
385 679 418 730 eo
444 657 523 751 quel
545 656 723 741 omittitur,
756 656 930 730 avetstone
945 681 961 745 ς
989 657 1111 751 incluse
1139 664 1236 733 etiom

244 757 392 843 relatiuis,
415 758 525 850 quibus
554 753 598 825 ol
616 753 704 823 illum
728 756 781 826 uel
798 758 875 827 banc
898 757 1129 829 determinatur.

295 948 378 1023 XV.
405 949 462 1019 Aul
484 946 632 1041 primum
661 944 740 1040 quod
759 950 899 1031 attinet,
929 963 1044 1023 certum
1073 949 1137 1048 esi,
1170 948 1240 1023 nul·

243 1049 293 1119 los
311 1049 441 1118 allionis
467 1046 520 1116 vel
539 1042 707 1142 omffonis
731 1046 1007 1140 circumstantias,
1041 1050 1136 1121 nullos
1164 1048 1240 1144 effe·
1272 1069 1275 1075 ·

241 1151 337 1230 lius,
375 1157 431 1214 out
457 1141 666 1237 consequentia
708 1143 752 1213 od
787 1146 855 1236 ejus
891 1145 1107 1217 Moralitatem
1145 1144 1243 1237 inso-

245 1268 282 1315 ro
306 1242 377 1312 Det
400 1234 442 1321 δ’
473 1240 663 1335 Conscientia
701 1240 753 1311 uel
782 1242 1047 1335 constituendam,
1075 1244 1125 1313 uel
1145 1246 1244 1313 inteu-

248 1341 403 1423 aeneam,
436 1338 489 1408 ool
508 1338 748 1424 remittendam,
781 1338 910 1408 ulterius
932 1340 1096 1432 quidquam
1123 1341 1244 1428 valere,

249 1460 345 1530 quom
387 1432 448 1530 isla
487 1437 528 1506 ab
568 1438 601 1506 A
623 1450 690 1506 ente
748 1436 887 1506 adbibita
934 1440 1106 1509 attentione
1144 1439 1248 1509 debita

248 1530 386 1627 cognosci
407 1548 463 1603 aut
482 1459 648 1627 prauioiri
668 1545 844 1626 potuerant.
905 1533 972 1604 Nec
1001 1538 1102 1605 rriinus
1126 1549 1247 1606 centnm

246 1632 312 1726 esi,
346 1632 390 1701 ud
411 1632 549 1702 bibionis
573 1634 718 1725 cujusque
740 1630 883 1702 bumana
902 1630 1121 1703 Moralitatem
1146 1634 1244 1725 perti·

246 1752 319 1802 nere
368 1751 470 1799 ornnes
503 1727 753 1825 circumstantias
791 1727 885 1820 (qua
907 1725 956 1821 se.
986 1730 1082 1806 ullum
1107 1753 1245 1802 merneo-

248 1842 316 1899 tune
345 1825 483 1921 babent)
520 1848 667 1920 quousque
696 1822 833 1920 cognosci
858 1842 1021 1918 poteraut,
1062 1844 1118 1898 aut
1141 1830 1270 1922 conse-e

248 1927 331 1996 llari
343 1947 357 2010 ,·
395 1939 484 2016 etque
509 1925 582 1996 adeo
606 1925 709 1995 omnio
735 1928 813 2015 bona
839 1926 891 1993 uel
916 1924 998 1995 niolo
1016 1921 1245 2020 consequentia,

248 2023 320 2094 lieet
344 2017 572 2117 remotifflma,
604 2022 702 2094 etiam
725 2045 782 2108 eo,
808 2044 876 2112 quar
906 2024 946 2091 ob
972 2023 1043 2092 aliis
1069 2024 1246 2094 barrriaibut

248 2119 460 2191 immediatius
483 2122 715 2213 producuntur,
754 2140 821 2211 quoe
844 2113 886 2197 δ’
915 2141 1089 2211 quousque,
1124 2120 1166 2187 ab
1194 2119 1248 2189 bo·
1313 2124 1317 2133 '

250 2219 333 2286 mine
360 2220 486 2300 elimo,
517 2216 655 2286 adbibita
680 2215 734 2285 illa
759 2235 851 2307 quom
879 2216 1035 2307 oportebat
1059 2215 1248 2309 diligentia,

250 2312 414 2405 prouideri
440 2326 602 2399 poterone,
634 2314 784 2380 abbionem
810 2307 929 2401 islam
952 2312 1142 2402 probabilius
1157 2333 1249 2403 quom

254 2413 323 2502 ejus
345 2402 531 2503 ornifflouem
545 2403 726 2500 secuturo;
757 2403 842 2496 ficut
864 2400 907 2487 Β
934 2407 979 2477 od
999 2404 1165 2503 omt'fflouit
1183 2430 1248 2479 mo·

252 2507 414 2578 rulitatem
435 2507 587 2599 pertinere
608 2527 721 2598 quoque
744 2505 811 2597 ejus
835 2500 1063 2599 consequentia,
1095 2526 1246 2599 quousque
1364 2563 1366 2568 ,

247 2605 420 2698 provideri
441 2618 603 2693 poterant,
624 2602 817 2696 probabilius
840 2620 1007 2695 euentura,
1032 2599 1245 2697 sternutare·

249 2719 303 2775 tur
320 2698 474 2798 propoſsto
489 2703 586 2789 ollio,
610 2722 702 2794 quom
714 2695 749 2789 fi
758 2694 947 2795 stesoipetur.

298 2895 399 2970 XVI.
439 2897 512 2968 Nou
535 2910 640 2967 tamen
668 2895 731 2967 boe
763 2896 811 2965 ita
833 2896 968 2990 intelligi
982 2898 1123 2987 ¹eliberit,
1160 2897 1248 2992 quasi

249 2998 356 3068 omnio
374 2993 514 3092 offella,
527 3017 593 3086 quae
606 2993 778 3086 prouidere
798 2992 908 3080 licuit,
931 2997 1067 3088 ol'quom
1092 2998 1246 3071 albionem

248 3094 303 3165 uel
327 3091 515 3190 omissionem
540 3089 696 3186 uoslrom,
719 3091 908 3182 probabilius
926 3116 1017 3185 quarn
1038 3094 1107 3186 ejus
1122 3112 1247 3166 contra-

251 3195 356 3276 rium,
389 3187 584 3275 consecuturo
609 3190 694 3260 uobis
717 3191 899 3279 imputando
929 3187 1040 3281 effert,
1071 3191 1247 3283 plerumque

251 3287 433 3358 admodum
448 3287 603 3377 graelum,
630 3287 683 3357 vel
705 3288 800 3356 etiam
815 3285 940 3379 semper
967 3288 1010 3355 ol
1027 3290 1153 3355 eandem
1177 3289 1247 3379 spe·

253 3385 333 3457 eiettt
359 3384 569 3467 moralitatis,
588 3405 624 3452 ao
633 3379 666 3474 st
682 3407 703 3452 a
721 3384 807 3452 uobis
830 3383 1009 3452 immediate
1022 3378 1158 3473 sufflat
1177 3404 1249 3477 pro·

253 3481 381 3565 lullo3
414 3480 468 3549 boo
489 3475 592 3570 solum
624 3482 800 3559 innuimus,
841 3482 944 3549 ornuia
974 3481 1122 3572 ejusmodi
1147 3477 1252 3575 corso-A

251 3579 411 3673 quentia,
452 3575 494 3645 al
523 3590 712 3667 computum,
753 3578 806 3648 uel
817 3575 1051 3669 specialioresn,
1088 3576 1249 3654 url‘certe

248 3677 485 3770 generaliorem⁴
508 3674 649 3743 reuocari
678 3672 812 3755 debere,-
838 3686 872 3742 ut
889 3697 942 3746 nec
964 3675 1042 3745 illud
1064 3679 1144 3767 rq‘le
1169 3690 1248 3774 ogo·

251 3788 322 3858 tur,
347 3796 403 3865 quo
429 3770 554 3839 illatum
577 3771 620 3840 iri
645 3769 764 3861 obquid
788 3772 882 3856 moli,
923 3789 978 3843 aut
1002 3772 1178 3866 impeditum
1202 3781 1245 3848 iri

253 3870 368 3964 aliquid
389 3869 479 3954 boui,
509 3866 555 3964 esl
579 3863 748 3959 uerifimile
760 3891 772 3952 ,·
797 3892 852 3942 neo
873 3870 951 3942 illud
969 3873 1245 3961 relleomirtotue,

250 3987 309 4065 quo
332 3966 446 4041 nuum
466 3967 673 4064 probabiliter
695 3968 834 4058 evitari,
867 3969 920 4046 ool
950 3971 1061 4044 bouum
1079 3977 1246 4070 procurari

1127 4068 1261 4170 aaut,
