<?xml version="1.0" encoding="UTF-8"?>
<!DOCTYPE html PUBLIC "-//W3C//DTD XHTML 1.0 Transitional//EN"
    "http://www.w3.org/TR/xhtml1/DTD/xhtml1-transitional.dtd">
<html xmlns="http://www.w3.org/1999/xhtml" xml:lang="en" lang="en">
 <head>
  <title>
</title>
<meta http-equiv="Content-Type" content="text/html;charset=utf-8" />
  <meta name='ocr-system' content='tesseract 3.04.00' />
  <meta name='ocr-capabilities' content='ocr_page ocr_carea ocr_par ocr_line ocrx_word'/>
</head>
<body>
  <div class='ocr_page' id='page_1' title='image "./spufendorfiideo01pufegoog_0146.png"; bbox 0 0 3000 5150; ppageno 0'>
   <div class='ocr_carea' id='block_1_1' title="bbox 405 455 1315 598">
    <p class='ocr_par' dir='ltr' id='par_1_1' title="bbox 405 455 1315 598">
     <span class='ocr_line' id='line_1_1' title="bbox 405 455 1315 598; baseline -0.018 -22"><span class='ocrx_word' id='word_1_1' title='bbox 405 501 455 598; x_wconf 75' lang='lat'>36</span> <span class='ocrx_word' id='word_1_2' title='bbox 553 497 625 573; x_wconf 81' lang='lat' dir='ltr'>Dra</span> <span class='ocrx_word' id='word_1_3' title='bbox 675 492 912 571; x_wconf 80' lang='lat' dir='ltr'>orrrcro</span> <span class='ocrx_word' id='word_1_4' title='bbox 960 455 1208 565; x_wconf 80' lang='lat' dir='ltr'>Hortrttra</span> <span class='ocrx_word' id='word_1_5' title='bbox 1311 467 1315 473; x_wconf 56' lang='grc'>’</span> 
     </span>
    </p>
   </div>
   <div class='ocr_carea' id='block_1_2' title="bbox 406 662 1391 2027">
    <p class='ocr_par' dir='ltr' id='par_1_2' title="bbox 406 662 1391 2027">
     <span class='ocr_line' id='line_1_2' title="bbox 406 662 1384 770; baseline -0.016 -23"><span class='ocrx_word' id='word_1_6' title='bbox 406 676 481 770; x_wconf 88' lang='lat' dir='ltr'>quis</span> <span class='ocrx_word' id='word_1_7' title='bbox 495 675 536 746; x_wconf 89' lang='lat' dir='ltr'>ab</span> <span class='ocrx_word' id='word_1_8' title='bbox 552 671 738 746; x_wconf 84' lang='lat' dir='ltr'>extrinseco</span> <span class='ocrx_word' id='word_1_9' title='bbox 753 666 923 765; x_wconf 87' lang='lat' dir='ltr'>principio</span> <span class='ocrx_word' id='word_1_10' title='bbox 935 664 1099 739; x_wconf 87' lang='lat' dir='ltr'>validiore</span> <span class='ocrx_word' id='word_1_11' title='bbox 1115 662 1264 760; x_wconf 84' lang='lat' dir='ltr'>adigitur</span> <span class='ocrx_word' id='word_1_12' title='bbox 1275 682 1384 735; x_wconf 87' lang='lat' dir='ltr'>metn-</span> 
     </span>
     <span class='ocr_line' id='line_1_3' title="bbox 406 758 1386 864; baseline -0.014 -19"><span class='ocrx_word' id='word_1_13' title='bbox 406 775 468 845; x_wconf 87' lang='lat' dir='ltr'>bra</span> <span class='ocrx_word' id='word_1_14' title='bbox 490 773 546 844; x_wconf 87' lang='lat' dir='ltr'>sua</span> <span class='ocrx_word' id='word_1_15' title='bbox 566 771 764 864; x_wconf 86' lang='lat' dir='ltr'>adplicare,</span> <span class='ocrx_word' id='word_1_16' title='bbox 797 768 845 838; x_wconf 89' lang='lat' dir='ltr'>ita</span> <span class='ocrx_word' id='word_1_17' title='bbox 877 784 913 835; x_wconf 92' lang='lat' dir='ltr'>ut</span> <span class='ocrx_word' id='word_1_18' title='bbox 943 764 1190 835; x_wconf 84' lang='lat' dir='ltr'>aversationem</span> <span class='ocrx_word' id='word_1_19' title='bbox 1206 760 1245 833; x_wconf 76' lang='lat' dir='ltr'>ur</span> <span class='ocrx_word' id='word_1_20' title='bbox 1264 758 1386 833; x_wconf 78' lang='lat' dir='ltr'>dissen-</span> 
     </span>
     <span class='ocr_line' id='line_1_4' title="bbox 408 859 1386 961; baseline -0.012 -19"><span class='ocrx_word' id='word_1_21' title='bbox 408 872 481 944; x_wconf 91' lang='lat' dir='ltr'>sum</span> <span class='ocrx_word' id='word_1_22' title='bbox 506 870 600 940; x_wconf 92' lang='lat' dir='ltr'>suum</span> <span class='ocrx_word' id='word_1_23' title='bbox 629 865 728 961; x_wconf 77' lang='lat' dir='ltr'>signis</span> <span class='ocrx_word' id='word_1_24' title='bbox 758 887 798 935; x_wconf 89' lang='lat' dir='ltr'>ac</span> <span class='ocrx_word' id='word_1_25' title='bbox 821 861 991 957; x_wconf 76' lang='lat' dir='ltr'>praecipue</span> <span class='ocrx_word' id='word_1_26' title='bbox 1018 859 1196 932; x_wconf 85' lang='lat' dir='ltr'>renitentia</span> <span class='ocrx_word' id='word_1_27' title='bbox 1227 860 1386 953; x_wconf 82' lang='lat' dir='ltr'>corporis</span> 
     </span>
     <span class='ocr_line' id='line_1_5' title="bbox 409 954 1388 1061; baseline -0.01 -24"><span class='ocrx_word' id='word_1_28' title='bbox 409 965 589 1061; x_wconf 84' lang='lat' dir='ltr'>fignificet.</span> <span class='ocrx_word' id='word_1_29' title='bbox 642 963 760 1034; x_wconf 85' lang='lat' dir='ltr'>Minna</span> <span class='ocrx_word' id='word_1_30' title='bbox 775 981 890 1032; x_wconf 90' lang='lat' dir='ltr'>autem</span> <span class='ocrx_word' id='word_1_31' title='bbox 909 958 1044 1051; x_wconf 83' lang='lat' dir='ltr'>proprie</span> <span class='ocrx_word' id='word_1_32' title='bbox 1068 958 1191 1028; x_wconf 82' lang='lat' dir='ltr'>lnvrrn</span> <span class='ocrx_word' id='word_1_33' title='bbox 1212 954 1251 1028; x_wconf 82' lang='lat' dir='ltr'>dt</span> <span class='ocrx_word' id='word_1_34' title='bbox 1265 956 1328 1027; x_wconf 89' lang='lat' dir='ltr'>illa</span> <span class='ocrx_word' id='word_1_35' title='bbox 1341 955 1388 1027; x_wconf 91' lang='lat' dir='ltr'>di·</span> 
     </span>
     <span class='ocr_line' id='line_1_6' title="bbox 411 1051 1388 1154; baseline -0.011 -21"><span class='ocrx_word' id='word_1_36' title='bbox 411 1083 551 1150; x_wconf 89' lang='lat' dir='ltr'>cuntur,</span> <span class='ocrx_word' id='word_1_37' title='bbox 577 1062 712 1154; x_wconf 87' lang='lat' dir='ltr'>quando</span> <span class='ocrx_word' id='word_1_38' title='bbox 731 1059 948 1131; x_wconf 87' lang='lat' dir='ltr'>incumbente</span> <span class='ocrx_word' id='word_1_39' title='bbox 963 1054 1117 1148; x_wconf 78' lang='lat' dir='ltr'>gratiore</span> <span class='ocrx_word' id='word_1_40' title='bbox 1138 1051 1339 1130; x_wconf 75' lang='lat' dir='ltr'>necessitate</span> <span class='ocrx_word' id='word_1_41' title='bbox 1357 1076 1388 1123; x_wconf 89' lang='lat' dir='ltr'>a·</span> 
     </span>
     <span class='ocr_line' id='line_1_7' title="bbox 410 1148 1390 1255; baseline -0.011 -23"><span class='ocrx_word' id='word_1_42' title='bbox 410 1160 515 1255; x_wconf 83' lang='lat' dir='ltr'>liquid</span> <span class='ocrx_word' id='word_1_43' title='bbox 541 1179 701 1251; x_wconf 81' lang='lat' dir='ltr'>tanquam</span> <span class='ocrx_word' id='word_1_44' title='bbox 726 1156 836 1225; x_wconf 87' lang='lat' dir='ltr'>minus</span> <span class='ocrx_word' id='word_1_45' title='bbox 863 1153 989 1223; x_wconf 89' lang='lat' dir='ltr'>malum</span> <span class='ocrx_word' id='word_1_46' title='bbox 1013 1151 1167 1244; x_wconf 74' lang='lat' dir='ltr'>eligitur,</span> <span class='ocrx_word' id='word_1_47' title='bbox 1200 1148 1390 1240; x_wconf 82' lang='lat' dir='ltr'>&amp;suscipi-</span> 
     </span>
     <span class='ocr_line' id='line_1_8' title="bbox 411 1245 1391 1346; baseline -0.011 -17"><span class='ocrx_word' id='word_1_48' title='bbox 411 1274 484 1341; x_wconf 85' lang='lat' dir='ltr'>tur,</span> <span class='ocrx_word' id='word_1_49' title='bbox 510 1256 570 1325; x_wconf 89' lang='lat' dir='ltr'>abs</span> <span class='ocrx_word' id='word_1_50' title='bbox 589 1276 656 1346; x_wconf 91' lang='lat' dir='ltr'>quo</span> <span class='ocrx_word' id='word_1_51' title='bbox 673 1252 751 1325; x_wconf 84' lang='lat' dir='ltr'>alius</span> <span class='ocrx_word' id='word_1_52' title='bbox 771 1252 876 1322; x_wconf 91' lang='lat' dir='ltr'>bomo</span> <span class='ocrx_word' id='word_1_53' title='bbox 896 1269 991 1319; x_wconf 83' lang='lat' dir='ltr'>extra</span> <span class='ocrx_word' id='word_1_54' title='bbox 1017 1246 1247 1319; x_wconf 82' lang='lat' dir='ltr'>neceffitatem</span> <span class='ocrx_word' id='word_1_55' title='bbox 1265 1245 1391 1319; x_wconf 90' lang='lat' dir='ltr'>consti·</span> 
     </span>
     <span class='ocr_line' id='line_1_9' title="bbox 411 1343 1391 1444; baseline -0.012 -19"><span class='ocrx_word' id='word_1_56' title='bbox 411 1370 505 1426; x_wconf 84' lang='lat' dir='ltr'>tutus</span> <span class='ocrx_word' id='word_1_57' title='bbox 539 1350 764 1421; x_wconf 76' lang='lat' dir='ltr'>veliementer</span> <span class='ocrx_word' id='word_1_58' title='bbox 800 1345 1013 1418; x_wconf 82' lang='lat' dir='ltr'>abhorrebat.</span> <span class='ocrx_word' id='word_1_59' title='bbox 1077 1345 1203 1444; x_wconf 84' lang='lat' dir='ltr'>Quales</span> <span class='ocrx_word' id='word_1_60' title='bbox 1239 1343 1391 1416; x_wconf 70' lang='lat' dir='ltr'>ustiones</span> 
     </span>
     <span class='ocr_line' id='line_1_10' title="bbox 411 1441 1387 1543; baseline -0.009 -21"><span class='ocrx_word' id='word_1_61' title='bbox 411 1451 520 1543; x_wconf 86' lang='lat' dir='ltr'>vulgo</span> <span class='ocrx_word' id='word_1_62' title='bbox 549 1449 692 1517; x_wconf 82' lang='lat' dir='ltr'>erras</span> <span class='ocrx_word' id='word_1_63' title='bbox 720 1464 857 1516; x_wconf 88' lang='lat' dir='ltr'>vocant.</span> <span class='ocrx_word' id='word_1_64' title='bbox 905 1443 973 1513; x_wconf 84' lang='lat' dir='ltr'>Hae</span> <span class='ocrx_word' id='word_1_65' title='bbox 1002 1464 1080 1513; x_wconf 88' lang='lat' dir='ltr'>cum</span> <span class='ocrx_word' id='word_1_66' title='bbox 1102 1441 1298 1534; x_wconf 85' lang='lat' dir='ltr'>spontaneis</span> <span class='ocrx_word' id='word_1_67' title='bbox 1326 1443 1387 1538; x_wconf 84' lang='lat' dir='ltr'>(d)</span> 
     </span>
     <span class='ocr_line' id='line_1_11' title="bbox 410 1539 1389 1633; baseline -0.007 -17"><span class='ocrx_word' id='word_1_68' title='bbox 410 1546 493 1618; x_wconf 89' lang='lat' dir='ltr'>illud</span> <span class='ocrx_word' id='word_1_69' title='bbox 524 1544 651 1615; x_wconf 87' lang='lat' dir='ltr'>habent</span> <span class='ocrx_word' id='word_1_70' title='bbox 673 1563 885 1627; x_wconf 91' lang='lat' dir='ltr'>commune,</span> <span class='ocrx_word' id='word_1_71' title='bbox 918 1541 1009 1632; x_wconf 90' lang='lat' dir='ltr'>quod</span> <span class='ocrx_word' id='word_1_72' title='bbox 1031 1539 1189 1611; x_wconf 87' lang='lat' dir='ltr'>voluntas</span> <span class='ocrx_word' id='word_1_73' title='bbox 1216 1561 1281 1631; x_wconf 88' lang='lat' dir='ltr'>pro</span> <span class='ocrx_word' id='word_1_74' title='bbox 1307 1561 1389 1633; x_wconf 86' lang='lat' dir='ltr'>prae·</span> 
     </span>
     <span class='ocr_line' id='line_1_12' title="bbox 409 1636 1390 1732; baseline -0.011 -16"><span class='ocrx_word' id='word_1_75' title='bbox 409 1642 496 1716; x_wconf 88' lang='lat' dir='ltr'>senti</span> <span class='ocrx_word' id='word_1_76' title='bbox 521 1639 606 1711; x_wconf 88' lang='lat' dir='ltr'>statu</span> <span class='ocrx_word' id='word_1_77' title='bbox 632 1664 689 1711; x_wconf 84' lang='lat' dir='ltr'>eas</span> <span class='ocrx_word' id='word_1_78' title='bbox 711 1639 823 1732; x_wconf 88' lang='lat' dir='ltr'>utique</span> <span class='ocrx_word' id='word_1_79' title='bbox 847 1639 974 1730; x_wconf 84' lang='lat' dir='ltr'>eligat,</span> <span class='ocrx_word' id='word_1_80' title='bbox 1006 1656 1166 1728; x_wconf 88' lang='lat' dir='ltr'>tanquam</span> <span class='ocrx_word' id='word_1_81' title='bbox 1189 1636 1303 1706; x_wconf 90' lang='lat' dir='ltr'>minus</span> <span class='ocrx_word' id='word_1_82' title='bbox 1322 1657 1390 1705; x_wconf 89' lang='lat' dir='ltr'>tna·</span> 
     </span>
     <span class='ocr_line' id='line_1_13' title="bbox 408 1732 1391 1828; baseline -0.009 -16"><span class='ocrx_word' id='word_1_83' title='bbox 408 1741 491 1812; x_wconf 90' lang='lat' dir='ltr'>lum.</span> <span class='ocrx_word' id='word_1_84' title='bbox 541 1739 626 1808; x_wconf 91' lang='lat' dir='ltr'>Cum</span> <span class='ocrx_word' id='word_1_85' title='bbox 648 1736 766 1808; x_wconf 89' lang='lat' dir='ltr'>invitis</span> <span class='ocrx_word' id='word_1_86' title='bbox 796 1753 907 1806; x_wconf 86' lang='lat' dir='ltr'>autem</span> <span class='ocrx_word' id='word_1_87' title='bbox 929 1733 1151 1828; x_wconf 83' lang='lat' dir='ltr'>aliquatenus,</span> <span class='ocrx_word' id='word_1_88' title='bbox 1178 1734 1293 1826; x_wconf 90' lang='lat' dir='ltr'>quoad</span> <span class='ocrx_word' id='word_1_89' title='bbox 1308 1732 1391 1805; x_wconf 84' lang='lat' dir='ltr'>effe·</span> 
     </span>
     <span class='ocr_line' id='line_1_14' title="bbox 410 1828 1389 1926; baseline -0.006 -20"><span class='ocrx_word' id='word_1_90' title='bbox 410 1833 524 1921; x_wconf 66' lang='lat' dir='ltr'>filum,</span> <span class='ocrx_word' id='word_1_91' title='bbox 549 1835 781 1918; x_wconf 89' lang='lat' dir='ltr'>conveniunt,</span> <span class='ocrx_word' id='word_1_92' title='bbox 815 1830 906 1924; x_wconf 91' lang='lat' dir='ltr'>quod</span> <span class='ocrx_word' id='word_1_93' title='bbox 928 1830 986 1901; x_wconf 91' lang='lat' dir='ltr'>vel</span> <span class='ocrx_word' id='word_1_94' title='bbox 1009 1831 1108 1926; x_wconf 88' lang='lat' dir='ltr'>plane</span> <span class='ocrx_word' id='word_1_95' title='bbox 1123 1854 1190 1901; x_wconf 91' lang='lat' dir='ltr'>non</span> <span class='ocrx_word' id='word_1_96' title='bbox 1218 1828 1303 1924; x_wconf 84' lang='lat' dir='ltr'>(e),</span> <span class='ocrx_word' id='word_1_97' title='bbox 1334 1828 1389 1900; x_wconf 89' lang='lat' dir='ltr'>vel</span> 
     </span>
     <span class='ocr_line' id='line_1_15' title="bbox 410 1926 1389 2027; baseline -0.007 -22"><span class='ocrx_word' id='word_1_98' title='bbox 410 1933 540 2005; x_wconf 88' lang='lat' dir='ltr'>nonita</span> <span class='ocrx_word' id='word_1_99' title='bbox 557 1933 724 2027; x_wconf 86' lang='lat' dir='ltr'>graviter,</span> <span class='ocrx_word' id='word_1_100' title='bbox 752 1929 803 2001; x_wconf 87' lang='lat' dir='ltr'>uti</span> <span class='ocrx_word' id='word_1_101' title='bbox 817 1931 1030 2023; x_wconf 81' lang='lat' dir='ltr'>spontaneae,</span> <span class='ocrx_word' id='word_1_102' title='bbox 1055 1928 1182 2001; x_wconf 80' lang='lat' dir='ltr'>soleant</span> <span class='ocrx_word' id='word_1_103' title='bbox 1197 1926 1313 2025; x_wconf 82' lang='lat' dir='ltr'>agenti</span> <span class='ocrx_word' id='word_1_104' title='bbox 1324 1928 1389 2000; x_wconf 86' lang='lat' dir='ltr'>itu·</span> 
     </span>
    </p>
   </div>
   <div class='ocr_carea' id='block_1_3' title="bbox 306 2031 1253 2299">
    <p class='ocr_par' dir='ltr' id='par_1_3' title="bbox 306 2031 1253 2299">
     <span class='ocr_line' id='line_1_16' title="bbox 410 2031 533 2126; baseline 0.057 -29"><span class='ocrx_word' id='word_1_105' title='bbox 410 2031 533 2126; x_wconf 88' lang='lat' dir='ltr'>putati.</span> 
     </span>
     <span class='ocr_line' id='line_1_17' title="bbox 306 2147 1253 2299; baseline -0.002 -21"><span class='ocrx_word' id='word_1_106' title='bbox 306 2147 309 2151; x_wconf 12' lang='grc' dir='ltr'><em>Α</em></span> <span class='ocrx_word' id='word_1_107' title='bbox 550 2198 1253 2299; x_wconf 75' lang='lat' dir='ltr'>J.u.&amp;n.t.r.c.4.p.9,10.</span> 
     </span>
    </p>
   </div>
   <div class='ocr_carea' id='block_1_4' title="bbox 362 2379 1395 2549">
    <p class='ocr_par' dir='ltr' id='par_1_4' title="bbox 362 2379 1395 2549">
     <span class='ocr_line' id='line_1_18' title="bbox 362 2379 1394 2548; baseline -0.007 -90"><span class='ocrx_word' id='word_1_108' title='bbox 362 2459 368 2475; x_wconf 74' lang='grc'>,</span> <span class='ocrx_word' id='word_1_109' title='bbox 462 2384 630 2459; x_wconf 83' lang='lat' dir='ltr'>Caeterum</span> <span class='ocrx_word' id='word_1_110' title='bbox 655 2382 831 2458; x_wconf 76' lang='lat' dir='ltr'>asiionum</span> <span class='ocrx_word' id='word_1_111' title='bbox 855 2384 1106 2474; x_wconf 90' lang='lat' dir='ltr'>humanarum,</span> <span class='ocrx_word' id='word_1_112' title='bbox 1140 2404 1216 2479; x_wconf 72' lang='lat' dir='ltr'>quae</span> <span class='ocrx_word' id='word_1_113' title='bbox 1237 2384 1280 2456; x_wconf 88' lang='lat' dir='ltr'>ab</span> <span class='ocrx_word' id='word_1_114' title='bbox 1297 2379 1394 2548; x_wconf 67' lang='lat' dir='ltr'>impl·</span> 
     </span>
     <span class='ocr_line' id='line_1_19' title="bbox 1362 2501 1395 2549; baseline 0 -17"><span class='ocrx_word' id='word_1_115' title='bbox 1362 2501 1395 2549; x_wconf 76' lang='lat' dir='ltr'>e·</span> 
     </span>
    </p>
   </div>
   <div class='ocr_carea' id='block_1_5' title="bbox 408 2636 1398 2887">
    <p class='ocr_par' dir='ltr' id='par_1_5' title="bbox 408 2636 1398 2887">
     <span class='ocr_line' id='line_1_20' title="bbox 409 2636 1398 2701; baseline -0.004 -12"><span class='ocrx_word' id='word_1_116' title='bbox 409 2641 475 2693; x_wconf 69' lang='lat' dir='ltr'>diurn</span> <span class='ocrx_word' id='word_1_117' title='bbox 487 2639 608 2701; x_wconf 81' lang='lat' dir='ltr'>saepinnte</span> <span class='ocrx_word' id='word_1_118' title='bbox 618 2638 721 2688; x_wconf 82' lang='lat' dir='ltr'>includit</span> <span class='ocrx_word' id='word_1_119' title='bbox 730 2640 884 2699; x_wconf 68' lang='lat' dir='ltr'>presentiam</span> <span class='ocrx_word' id='word_1_120' title='bbox 915 2642 1037 2699; x_wconf 79' lang='lat' dir='ltr'>occurrit,</span> <span class='ocrx_word' id='word_1_121' title='bbox 1055 2644 1092 2691; x_wconf 85' lang='lat' dir='ltr'>ris</span> <span class='ocrx_word' id='word_1_122' title='bbox 1106 2652 1188 2692; x_wconf 86' lang='lat' dir='ltr'>tamen</span> <span class='ocrx_word' id='word_1_123' title='bbox 1199 2636 1306 2690; x_wconf 82' lang='lat' dir='ltr'>adhibita</span> <span class='ocrx_word' id='word_1_124' title='bbox 1317 2636 1398 2699; x_wconf 66' lang='lat' dir='ltr'>impari</span> 
     </span>
     <span class='ocr_line' id='line_1_21' title="bbox 409 2704 1396 2767; baseline -0.005 -12"><span class='ocrx_word' id='word_1_125' title='bbox 409 2707 548 2755; x_wconf 81' lang='lat' dir='ltr'>voluntatis.</span> <span class='ocrx_word' id='word_1_126' title='bbox 580 2706 686 2752; x_wconf 87' lang='lat' dir='ltr'>Invitum</span> <span class='ocrx_word' id='word_1_127' title='bbox 706 2706 769 2752; x_wconf 90' lang='lat' dir='ltr'>toiiit</span> <span class='ocrx_word' id='word_1_128' title='bbox 790 2707 885 2763; x_wconf 75' lang='lat' dir='ltr'>depro-</span> <span class='ocrx_word' id='word_1_129' title='bbox 915 2704 1035 2752; x_wconf 88' lang='lat' dir='ltr'>tationem</span> <span class='ocrx_word' id='word_1_130' title='bbox 1056 2715 1195 2767; x_wconf 81' lang='lat' dir='ltr'>temperat,</span> <span class='ocrx_word' id='word_1_131' title='bbox 1221 2715 1251 2753; x_wconf 84' lang='lat' dir='ltr'>ac</span> <span class='ocrx_word' id='word_1_132' title='bbox 1279 2715 1396 2759; x_wconf 72' lang='lat' dir='ltr'>agentem</span> 
     </span>
     <span class='ocr_line' id='line_1_22' title="bbox 409 2765 1395 2834; baseline -0.004 -18"><span class='ocrx_word' id='word_1_133' title='bbox 409 2770 658 2834; x_wconf 68' lang='lat' dir='ltr'>hibetvoiunratem</span> <span class='ocrx_word' id='word_1_134' title='bbox 676 2765 790 2814; x_wconf 65' lang='lat' dir='ltr'>eoadum</span> <span class='ocrx_word' id='word_1_135' title='bbox 811 2769 885 2816; x_wconf 84' lang='lat' dir='ltr'>elin·</span> <span class='ocrx_word' id='word_1_136' title='bbox 915 2770 1097 2825; x_wconf 84' lang='lat' dir='ltr'>quodammodo</span> <span class='ocrx_word' id='word_1_137' title='bbox 1125 2767 1232 2816; x_wconf 75' lang='lat' dir='ltr'>excusat.</span> <span class='ocrx_word' id='word_1_138' title='bbox 1267 2767 1318 2814; x_wconf 84' lang='lat' dir='ltr'>sed</span> <span class='ocrx_word' id='word_1_139' title='bbox 1337 2765 1395 2826; x_wconf 72' lang='grc' dir='ltr'>(α)</span> 
     </span>
     <span class='ocr_line' id='line_1_23' title="bbox 408 2826 1397 2887; baseline -0.005 -8"><span class='ocrx_word' id='word_1_140' title='bbox 408 2832 457 2879; x_wconf 87' lang='lat' dir='ltr'>sert</span> <span class='ocrx_word' id='word_1_141' title='bbox 477 2832 498 2877; x_wconf 85' lang='lat' dir='ltr'>dt</span> <span class='ocrx_word' id='word_1_142' title='bbox 518 2830 581 2876; x_wconf 85' lang='lat' dir='ltr'>addit</span> <span class='ocrx_word' id='word_1_143' title='bbox 600 2829 779 2876; x_wconf 78' lang='lat' dir='ltr'>neeemtatem:</span> <span class='ocrx_word' id='word_1_144' title='bbox 800 2831 885 2879; x_wconf 80' lang='lat' dir='ltr'>invitae</span> <span class='ocrx_word' id='word_1_145' title='bbox 914 2833 981 2879; x_wconf 68' lang='lat' dir='ltr'>Attio</span> <span class='ocrx_word' id='word_1_146' title='bbox 1001 2835 1057 2879; x_wconf 78' lang='lat' dir='ltr'>iana</span> <span class='ocrx_word' id='word_1_147' title='bbox 1073 2835 1145 2879; x_wconf 74' lang='lat' dir='ltr'>crana</span> <span class='ocrx_word' id='word_1_148' title='bbox 1169 2843 1218 2878; x_wconf 89' lang='lat' dir='ltr'>noo</span> <span class='ocrx_word' id='word_1_149' title='bbox 1241 2826 1397 2887; x_wconf 80' lang='lat' dir='ltr'>imputatur,</span> 
     </span>
    </p>
   </div>
   <div class='ocr_carea' id='block_1_6' title="bbox 312 2889 1396 2952">
    <p class='ocr_par' dir='ltr' id='par_1_6' title="bbox 312 2889 1396 2952">
     <span class='ocr_line' id='line_1_24' title="bbox 312 2889 1396 2952; baseline -0.003 -11"><span class='ocrx_word' id='word_1_150' title='bbox 312 2913 314 2917; x_wconf 50' lang='lat'><em>⁷</em></span> <span class='ocrx_word' id='word_1_151' title='bbox 409 2889 884 2951; x_wconf 75' lang='lat' dir='ltr'>aetionisauuornumquamdicipos-</span> <span class='ocrx_word' id='word_1_152' title='bbox 915 2896 988 2952; x_wconf 82' lang='lat' dir='ltr'>quia,</span> <span class='ocrx_word' id='word_1_153' title='bbox 1015 2898 1045 2942; x_wconf 86' lang='lat' dir='ltr'>ad</span> <span class='ocrx_word' id='word_1_154' title='bbox 1066 2897 1162 2943; x_wconf 86' lang='lat' dir='ltr'>laudem</span> <span class='ocrx_word' id='word_1_155' title='bbox 1183 2891 1309 2941; x_wconf 81' lang='lat' dir='ltr'>bonivitl</span> <span class='ocrx_word' id='word_1_156' title='bbox 1333 2890 1396 2939; x_wconf 82' lang='lat' dir='ltr'>obti-</span> 
     </span>
    </p>
   </div>
   <div class='ocr_carea' id='block_1_7' title="bbox 406 2951 1402 4323">
    <p class='ocr_par' dir='ltr' id='par_1_7' title="bbox 406 2951 1402 4323">
     <span class='ocr_line' id='line_1_25' title="bbox 409 2951 1395 3017; baseline -0.003 -13"><span class='ocrx_word' id='word_1_157' title='bbox 409 2956 482 3014; x_wconf 84' lang='lat' dir='ltr'>smn,</span> <span class='ocrx_word' id='word_1_158' title='bbox 506 2955 560 3000; x_wconf 89' lang='lat' dir='ltr'>stin</span> <span class='ocrx_word' id='word_1_159' title='bbox 577 2953 603 3000; x_wconf 84' lang='lat' dir='ltr'>se</span> <span class='ocrx_word' id='word_1_160' title='bbox 617 2954 639 3000; x_wconf 76' lang='lat' dir='ltr'>dt</span> <span class='ocrx_word' id='word_1_161' title='bbox 654 2953 696 3002; x_wconf 88' lang='lat' dir='ltr'>sua</span> <span class='ocrx_word' id='word_1_162' title='bbox 713 2955 789 3005; x_wconf 83' lang='lat' dir='ltr'>caussa</span> <span class='ocrx_word' id='word_1_163' title='bbox 806 2957 832 3003; x_wconf 80' lang='lat' dir='ltr'>iit</span> <span class='ocrx_word' id='word_1_164' title='bbox 848 2958 885 3004; x_wconf 91' lang='lat' dir='ltr'>in·</span> <span class='ocrx_word' id='word_1_165' title='bbox 915 2959 1043 3017; x_wconf 77' lang='lat' dir='ltr'>nentium,</span> <span class='ocrx_word' id='word_1_166' title='bbox 1062 2970 1112 3004; x_wconf 89' lang='lat' dir='ltr'>nnn</span> <span class='ocrx_word' id='word_1_167' title='bbox 1132 2956 1216 3004; x_wconf 79' lang='lat' dir='ltr'>suffieit</span> <span class='ocrx_word' id='word_1_168' title='bbox 1239 2951 1336 3012; x_wconf 68' lang='lat' dir='ltr'>quoema</span> <span class='ocrx_word' id='word_1_169' title='bbox 1350 2966 1395 3001; x_wconf 86' lang='lat' dir='ltr'>vo·</span> 
     </span>
     <span class='ocr_line' id='line_1_26' title="bbox 406 3014 1395 3080; baseline -0.002 -16"><span class='ocrx_word' id='word_1_170' title='bbox 406 3019 471 3065; x_wconf 83' lang='lat' dir='ltr'>uita:</span> <span class='ocrx_word' id='word_1_171' title='bbox 483 3016 575 3064; x_wconf 71' lang='lat' dir='ltr'>cotue</span> <span class='ocrx_word' id='word_1_172' title='bbox 587 3028 667 3065; x_wconf 86' lang='lat' dir='ltr'>tamen</span> <span class='ocrx_word' id='word_1_173' title='bbox 678 3014 790 3066; x_wconf 72' lang='lat' dir='ltr'>audieret</span> <span class='ocrx_word' id='word_1_174' title='bbox 800 3022 885 3077; x_wconf 87' lang='lat' dir='ltr'>appel·</span> <span class='ocrx_word' id='word_1_175' title='bbox 916 3024 1009 3080; x_wconf 79' lang='lat' dir='ltr'>luntas,</span> <span class='ocrx_word' id='word_1_176' title='bbox 1026 3021 1068 3069; x_wconf 87' lang='lat' dir='ltr'>seri</span> <span class='ocrx_word' id='word_1_177' title='bbox 1085 3020 1176 3068; x_wconf 87' lang='lat' dir='ltr'>summa</span> <span class='ocrx_word' id='word_1_178' title='bbox 1187 3019 1262 3066; x_wconf 88' lang='lat' dir='ltr'>animi</span> <span class='ocrx_word' id='word_1_179' title='bbox 1273 3019 1395 3074; x_wconf 90' lang='lat' dir='ltr'>prompti·</span> 
     </span>
     <span class='ocr_line' id='line_1_27' title="bbox 407 3079 1397 3142; baseline -0.004 -12"><span class='ocrx_word' id='word_1_180' title='bbox 407 3080 454 3130; x_wconf 86' lang='lat' dir='ltr'>iati</span> <span class='ocrx_word' id='word_1_181' title='bbox 476 3079 605 3140; x_wconf 82' lang='lat' dir='ltr'>possumus.</span> <span class='ocrx_word' id='word_1_182' title='bbox 646 3079 704 3127; x_wconf 88' lang='lat' dir='ltr'>Non</span> <span class='ocrx_word' id='word_1_183' title='bbox 727 3082 796 3128; x_wconf 87' lang='lat' dir='ltr'>datur</span> <span class='ocrx_word' id='word_1_184' title='bbox 811 3083 886 3130; x_wconf 87' lang='lat' dir='ltr'>invita</span> <span class='ocrx_word' id='word_1_185' title='bbox 917 3085 1015 3142; x_wconf 84' lang='lat' dir='ltr'>tudine,</span> <span class='ocrx_word' id='word_1_186' title='bbox 1032 3082 1096 3131; x_wconf 72' lang='lat' dir='ltr'>aelio</span> <span class='ocrx_word' id='word_1_187' title='bbox 1111 3083 1221 3139; x_wconf 87' lang='lat' dir='ltr'>suscepta</span> <span class='ocrx_word' id='word_1_188' title='bbox 1237 3081 1284 3128; x_wconf 79' lang='lat' dir='ltr'>eise</span> <span class='ocrx_word' id='word_1_189' title='bbox 1300 3079 1397 3127; x_wconf 82' lang='lat' dir='ltr'>debuit.</span> 
     </span>
     <span class='ocr_line' id='line_1_28' title="bbox 409 3143 1397 3206; baseline -0.003 -15"><span class='ocrx_word' id='word_1_190' title='bbox 409 3148 535 3191; x_wconf 84' lang='lat' dir='ltr'>uoiuntas:</span> <span class='ocrx_word' id='word_1_191' title='bbox 554 3145 623 3189; x_wconf 87' lang='lat' dir='ltr'>datur</span> <span class='ocrx_word' id='word_1_192' title='bbox 637 3154 718 3188; x_wconf 87' lang='lat' dir='ltr'>tamen</span> <span class='ocrx_word' id='word_1_193' title='bbox 736 3143 840 3203; x_wconf 74' lang='lat' dir='ltr'>cordia,</span> <span class='ocrx_word' id='word_1_194' title='bbox 862 3158 885 3194; x_wconf 88' lang='lat' dir='ltr'>e.</span> <span class='ocrx_word' id='word_1_195' title='bbox 915 3148 985 3194; x_wconf 86' lang='lat' dir='ltr'>idem</span> <span class='ocrx_word' id='word_1_196' title='bbox 1001 3145 1053 3206; x_wconf 77' lang='lat'>(3)</span> <span class='ocrx_word' id='word_1_197' title='bbox 1067 3147 1198 3194; x_wconf 86' lang='lat' dir='ltr'>dicendum</span> <span class='ocrx_word' id='word_1_198' title='bbox 1209 3145 1241 3192; x_wconf 85' lang='lat' dir='ltr'>de</span> <span class='ocrx_word' id='word_1_199' title='bbox 1257 3143 1351 3190; x_wconf 71' lang='grc' dir='ltr'><em>Αθέοη</em></span> <span class='ocrx_word' id='word_1_200' title='bbox 1361 3145 1397 3189; x_wconf 84' lang='lat' dir='ltr'>ia·</span> 
     </span>
     <span class='ocr_line' id='line_1_29' title="bbox 408 3204 1395 3271; baseline -0.002 -18"><span class='ocrx_word' id='word_1_201' title='bbox 408 3219 432 3266; x_wconf 74' lang='grc' dir='ltr'>ς.</span> <span class='ocrx_word' id='word_1_202' title='bbox 455 3209 528 3253; x_wconf 87' lang='lat' dir='ltr'>bomo</span> <span class='ocrx_word' id='word_1_203' title='bbox 553 3204 604 3252; x_wconf 83' lang='lat' dir='ltr'>sese</span> <span class='ocrx_word' id='word_1_204' title='bbox 623 3206 648 3252; x_wconf 92' lang='lat' dir='ltr'>in</span> <span class='ocrx_word' id='word_1_205' title='bbox 671 3217 757 3262; x_wconf 85' lang='lat' dir='ltr'>aquam</span> <span class='ocrx_word' id='word_1_206' title='bbox 774 3208 888 3265; x_wconf 76' lang='lat' dir='ltr'>praecipi·</span> <span class='ocrx_word' id='word_1_207' title='bbox 916 3209 1111 3271; x_wconf 54' lang='lat' dir='ltr'>inflamma.</span> <span class='ocrx_word' id='word_1_208' title='bbox 1126 3205 1337 3264; x_wconf 61' lang='lat' dir='ltr'>contrastumatu</span> <span class='ocrx_word' id='word_1_209' title='bbox 1349 3215 1395 3251; x_wconf 81' lang='lat' dir='ltr'>ner</span> 
     </span>
     <span class='ocr_line' id='line_1_30' title="bbox 410 3266 1396 3331; baseline 0.001 -16"><span class='ocrx_word' id='word_1_210' title='bbox 410 3280 463 3317; x_wconf 84' lang='lat' dir='ltr'>tans</span> <span class='ocrx_word' id='word_1_211' title='bbox 475 3303 483 3328; x_wconf 88' lang='lat'>‚</span> <span class='ocrx_word' id='word_1_212' title='bbox 497 3281 524 3316; x_wconf 87' lang='lat' dir='ltr'>re</span> <span class='ocrx_word' id='word_1_213' title='bbox 535 3269 598 3315; x_wconf 86' lang='lat' dir='ltr'>bene</span> <span class='ocrx_word' id='word_1_214' title='bbox 609 3268 773 3328; x_wconf 78' lang='lat' dir='ltr'>confiderata,</span> <span class='ocrx_word' id='word_1_215' title='bbox 783 3268 884 3331; x_wconf 68' lang='lat' dir='ltr'>concie,</span> <span class='ocrx_word' id='word_1_216' title='bbox 917 3277 969 3322; x_wconf 80' lang='lat' dir='ltr'>iraec</span> <span class='ocrx_word' id='word_1_217' title='bbox 988 3271 1134 3331; x_wconf 65' lang='lat' dir='ltr'>imputatum</span> <span class='ocrx_word' id='word_1_218' title='bbox 1155 3272 1214 3318; x_wconf 84' lang='lat' dir='ltr'>iicet</span> <span class='ocrx_word' id='word_1_219' title='bbox 1240 3268 1306 3317; x_wconf 88' lang='lat' dir='ltr'>enim</span> <span class='ocrx_word' id='word_1_220' title='bbox 1320 3266 1396 3326; x_wconf 78' lang='lat' dir='ltr'>quatis</span> 
     </span>
     <span class='ocr_line' id='line_1_31' title="bbox 407 3329 1396 3394; baseline -0.002 -15"><span class='ocrx_word' id='word_1_221' title='bbox 407 3332 516 3379; x_wconf 81' lang='lat' dir='ltr'>sednon</span> <span class='ocrx_word' id='word_1_222' title='bbox 534 3330 622 3378; x_wconf 79' lang='lat' dir='ltr'>inritus</span> <span class='ocrx_word' id='word_1_223' title='bbox 634 3329 771 3379; x_wconf 82' lang='lat' dir='ltr'>suffocatur.</span> <span class='ocrx_word' id='word_1_224' title='bbox 789 3335 886 3382; x_wconf 78' lang='lat' dir='ltr'>Lucae·</span> <span class='ocrx_word' id='word_1_225' title='bbox 917 3333 1359 3394; x_wconf 79' lang='lat' dir='ltr'>quaiisuniuntaainicadfit,attarrieo</span> <span class='ocrx_word' id='word_1_226' title='bbox 1369 3332 1396 3377; x_wconf 86' lang='lat' dir='ltr'>ii·</span> 
     </span>
     <span class='ocr_line' id='line_1_32' title="bbox 409 3393 1395 3456; baseline -0.003 -13"><span class='ocrx_word' id='word_1_227' title='bbox 409 3408 455 3443; x_wconf 75' lang='lat' dir='ltr'>‘ran</span> <span class='ocrx_word' id='word_1_228' title='bbox 468 3395 573 3451; x_wconf 87' lang='lat' dir='ltr'>stuprum</span> <span class='ocrx_word' id='word_1_229' title='bbox 585 3393 646 3451; x_wconf 86' lang='lat' dir='ltr'>passa</span> <span class='ocrx_word' id='word_1_230' title='bbox 659 3394 692 3441; x_wconf 83' lang='lat' dir='ltr'>eli</span> <span class='ocrx_word' id='word_1_231' title='bbox 704 3408 716 3440; x_wconf 85' lang='lat' dir='ltr'>a</span> <span class='ocrx_word' id='word_1_232' title='bbox 726 3396 818 3444; x_wconf 77' lang='lat' dir='ltr'>Strato</span> <span class='ocrx_word' id='word_1_233' title='bbox 829 3409 886 3442; x_wconf 85' lang='lat' dir='ltr'>coa·</span> <span class='ocrx_word' id='word_1_234' title='bbox 917 3404 941 3448; x_wconf 89' lang='lat' dir='ltr'>ia</span> <span class='ocrx_word' id='word_1_235' title='bbox 957 3400 985 3444; x_wconf 88' lang='lat' dir='ltr'>ad</span> <span class='ocrx_word' id='word_1_236' title='bbox 999 3400 1181 3456; x_wconf 85' lang='lat' dir='ltr'>producendam</span> <span class='ocrx_word' id='word_1_237' title='bbox 1193 3398 1216 3441; x_wconf 82' lang='lat' dir='ltr'>dt</span> <span class='ocrx_word' id='word_1_238' title='bbox 1229 3395 1395 3453; x_wconf 82' lang='lat' dir='ltr'>imputandam</span> 
     </span>
     <span class='ocr_line' id='line_1_33' title="bbox 411 3455 1395 3519; baseline -0.003 -15"><span class='ocrx_word' id='word_1_239' title='bbox 411 3455 465 3515; x_wconf 77' lang='lat' dir='ltr'>tit,</span> <span class='ocrx_word' id='word_1_240' title='bbox 481 3458 582 3504; x_wconf 78' lang='lat' dir='ltr'>sednon</span> <span class='ocrx_word' id='word_1_241' title='bbox 596 3457 684 3503; x_wconf 87' lang='lat' dir='ltr'>invita:</span> <span class='ocrx_word' id='word_1_242' title='bbox 703 3469 807 3504; x_wconf 82' lang='lat' dir='ltr'>mortem</span> <span class='ocrx_word' id='word_1_243' title='bbox 822 3460 887 3505; x_wconf 83' lang='lat' dir='ltr'>enim</span> <span class='ocrx_word' id='word_1_244' title='bbox 917 3460 1091 3519; x_wconf 70' lang='lat' dir='ltr'>obligationem</span> <span class='ocrx_word' id='word_1_245' title='bbox 1104 3473 1154 3508; x_wconf 87' lang='lat' dir='ltr'>nort</span> <span class='ocrx_word' id='word_1_246' title='bbox 1171 3458 1271 3515; x_wconf 83' lang='lat' dir='ltr'>suflicit,</span> <span class='ocrx_word' id='word_1_247' title='bbox 1285 3469 1342 3504; x_wconf 89' lang='lat' dir='ltr'>ctam</span> <span class='ocrx_word' id='word_1_248' title='bbox 1355 3458 1395 3502; x_wconf 85' lang='lat' dir='ltr'>de·</span> 
     </span>
     <span class='ocr_line' id='line_1_34' title="bbox 410 3518 1397 3586; baseline 0.001 -20"><span class='ocrx_word' id='word_1_249' title='bbox 410 3518 526 3576; x_wconf 64' lang='lat' dir='ltr'>ampiecti</span> <span class='ocrx_word' id='word_1_250' title='bbox 548 3530 658 3578; x_wconf 81' lang='lat' dir='ltr'>poterat,</span> <span class='ocrx_word' id='word_1_251' title='bbox 685 3531 757 3576; x_wconf 89' lang='lat' dir='ltr'>quam</span> <span class='ocrx_word' id='word_1_252' title='bbox 776 3522 888 3576; x_wconf 76' lang='lat' dir='ltr'>Ttaoor-</span> <span class='ocrx_word' id='word_1_253' title='bbox 921 3523 1004 3586; x_wconf 59' lang='lat' dir='ltr'>litium</span> <span class='ocrx_word' id='word_1_254' title='bbox 1026 3523 1133 3584; x_wconf 79' lang='lat' dir='ltr'>cogentis</span> <span class='ocrx_word' id='word_1_255' title='bbox 1149 3533 1206 3568; x_wconf 93' lang='lat' dir='ltr'>eum</span> <span class='ocrx_word' id='word_1_256' title='bbox 1222 3519 1397 3568; x_wconf 82' lang='lat' dir='ltr'>faciatinbabi·</span> 
     </span>
     <span class='ocr_line' id='line_1_35' title="bbox 410 3581 1397 3647; baseline -0.001 -17"><span class='ocrx_word' id='word_1_257' title='bbox 410 3593 471 3630; x_wconf 78' lang='lat' dir='ltr'>ntus</span> <span class='ocrx_word' id='word_1_258' title='bbox 492 3583 635 3629; x_wconf 85' lang='lat' dir='ltr'>minabatur.</span> <span class='ocrx_word' id='word_1_259' title='bbox 667 3581 705 3628; x_wconf 87' lang='lat' dir='ltr'>De</span> <span class='ocrx_word' id='word_1_260' title='bbox 723 3582 812 3638; x_wconf 81' lang='lat' dir='ltr'>quibus</span> <span class='ocrx_word' id='word_1_261' title='bbox 826 3584 889 3632; x_wconf 87' lang='lat' dir='ltr'>insta</span> <span class='ocrx_word' id='word_1_262' title='bbox 920 3591 989 3647; x_wconf 81' lang='lat' dir='ltr'>iem,</span> <span class='ocrx_word' id='word_1_263' title='bbox 1007 3601 1056 3646; x_wconf 85' lang='lat' dir='ltr'>quo</span> <span class='ocrx_word' id='word_1_264' title='bbox 1072 3585 1197 3638; x_wconf 86' lang='lat' dir='ltr'>minusiut</span> <span class='ocrx_word' id='word_1_265' title='bbox 1211 3582 1315 3643; x_wconf 82' lang='lat' dir='ltr'>aliquod</span> <span class='ocrx_word' id='word_1_266' title='bbox 1326 3594 1357 3630; x_wconf 82' lang='lat' dir='ltr'>ex</span> <span class='ocrx_word' id='word_1_267' title='bbox 1373 3595 1397 3629; x_wconf 91' lang='lat' dir='ltr'>a·</span> 
     </span>
     <span class='ocr_line' id='line_1_36' title="bbox 411 3639 1398 3708; baseline -0.009 -7"><span class='ocrx_word' id='word_1_268' title='bbox 411 3644 524 3708; x_wconf 84' lang='lat' dir='ltr'>pluribus</span> <span class='ocrx_word' id='word_1_269' title='bbox 540 3645 569 3689; x_wconf 65' lang='lat' dir='ltr'>&#39;il</span> <span class='ocrx_word' id='word_1_270' title='bbox 587 3639 610 3702; x_wconf 73' lang='lat' dir='ltr'>l·</span> <span class='ocrx_word' id='word_1_271' title='bbox 625 3654 663 3701; x_wconf 59' lang='grc' dir='ltr'>ι4·</span> <span class='ocrx_word' id='word_1_272' title='bbox 680 3646 755 3694; x_wconf 71' lang='lat' dir='ltr'><strong>IDEM·</strong></span> <span class='ocrx_word' id='word_1_273' title='bbox 921 3650 962 3699; x_wconf 70' lang='lat' dir='ltr'>&amp;u</span> <span class='ocrx_word' id='word_1_274' title='bbox 984 3650 1072 3700; x_wconf 71' lang='lat' dir='ltr'>consto</span> <span class='ocrx_word' id='word_1_275' title='bbox 1092 3646 1217 3704; x_wconf 80' lang='lat' dir='ltr'>acquirat,</span> <span class='ocrx_word' id='word_1_276' title='bbox 1244 3657 1337 3702; x_wconf 68' lang='lat' dir='ltr'>negato</span> <span class='ocrx_word' id='word_1_277' title='bbox 1356 3657 1398 3692; x_wconf 79' lang='lat' dir='ltr'>au·</span> 
     </span>
     <span class='ocr_line' id='line_1_37' title="bbox 445 3706 1398 3774; baseline 0.003 -21"><span class='ocrx_word' id='word_1_278' title='bbox 445 3708 492 3767; x_wconf 85' lang='lat' dir='ltr'>(ai)</span> <span class='ocrx_word' id='word_1_279' title='bbox 508 3707 548 3752; x_wconf 82' lang='lat' dir='ltr'>Hae</span> <span class='ocrx_word' id='word_1_280' title='bbox 567 3722 613 3753; x_wconf 78' lang='lat' dir='ltr'>caat</span> <span class='ocrx_word' id='word_1_281' title='bbox 631 3706 774 3770; x_wconf 75' lang='lat' dir='ltr'>lpaataaat‘s]</span> <span class='ocrx_word' id='word_1_282' title='bbox 801 3709 889 3770; x_wconf 89' lang='lat' dir='ltr'>Quoad</span> <span class='ocrx_word' id='word_1_283' title='bbox 921 3711 1139 3774; x_wconf 84' lang='lat' dir='ltr'>temjure,ceisat</span> <span class='ocrx_word' id='word_1_284' title='bbox 1155 3706 1398 3769; x_wconf 72' lang='lat' dir='ltr'>quoqneobiissatiu.</span> 
     </span>
     <span class='ocr_line' id='line_1_38' title="bbox 408 3768 1019 3833; baseline 0.002 -16"><span class='ocrx_word' id='word_1_285' title='bbox 408 3769 596 3827; x_wconf 83' lang='lat' dir='ltr'>imputationem</span> <span class='ocrx_word' id='word_1_286' title='bbox 610 3768 731 3817; x_wconf 75' lang='lat' dir='ltr'>asisanum</span> <span class='ocrx_word' id='word_1_287' title='bbox 744 3777 888 3833; x_wconf 84' lang='lat' dir='ltr'>mixtarum,</span> <span class='ocrx_word' id='word_1_288' title='bbox 922 3779 1019 3827; x_wconf 64' lang='lat' dir='ltr'>Tutus,</span> 
     </span>
     <span class='ocr_line' id='line_1_39' title="bbox 414 3831 1399 3900; baseline 0.006 -22"><span class='ocrx_word' id='word_1_289' title='bbox 414 3834 503 3881; x_wconf 79' lang='lat' dir='ltr'>cintius</span> <span class='ocrx_word' id='word_1_290' title='bbox 514 3831 602 3878; x_wconf 87' lang='lat' dir='ltr'>itadlci</span> <span class='ocrx_word' id='word_1_291' title='bbox 622 3834 716 3889; x_wconf 80' lang='lat' dir='ltr'>poten:</span> <span class='ocrx_word' id='word_1_292' title='bbox 735 3837 801 3880; x_wconf 73' lang='lat' dir='ltr'>Allia</span> <span class='ocrx_word' id='word_1_293' title='bbox 817 3838 888 3882; x_wconf 75' lang='lat' dir='ltr'>ariera</span> <span class='ocrx_word' id='word_1_294' title='bbox 951 3842 996 3900; x_wconf 66' lang='lat' dir='ltr'>(a)</span> <span class='ocrx_word' id='word_1_295' title='bbox 1014 3840 1054 3883; x_wconf 73' lang='lat' dir='ltr'>Vei</span> <span class='ocrx_word' id='word_1_296' title='bbox 1061 3833 1196 3897; x_wconf 78' lang='lat' dir='ltr'>plantata]</span> <span class='ocrx_word' id='word_1_297' title='bbox 1210 3834 1268 3884; x_wconf 82' lang='lat' dir='ltr'>uid.</span> <span class='ocrx_word' id='word_1_298' title='bbox 1279 3833 1344 3884; x_wconf 80' lang='lat' dir='ltr'>luftu</span> <span class='ocrx_word' id='word_1_299' title='bbox 1354 3836 1399 3884; x_wconf 70' lang='lat' dir='ltr'>Ob·</span> 
     </span>
     <span class='ocr_line' id='line_1_40' title="bbox 414 3895 1251 3961; baseline 0.005 -20"><span class='ocrx_word' id='word_1_300' title='bbox 414 3909 504 3942; x_wconf 73' lang='lat' dir='ltr'>catenat</span> <span class='ocrx_word' id='word_1_301' title='bbox 519 3897 625 3954; x_wconf 78' lang='lat' dir='ltr'>imputari</span> <span class='ocrx_word' id='word_1_302' title='bbox 637 3895 720 3956; x_wconf 75' lang='lat' dir='ltr'>potest.</span> <span class='ocrx_word' id='word_1_303' title='bbox 738 3910 845 3958; x_wconf 75' lang='lat' dir='ltr'>quanam</span> <span class='ocrx_word' id='word_1_304' title='bbox 858 3897 888 3955; x_wconf 72' lang='lat' dir='ltr'>ast</span> <span class='ocrx_word' id='word_1_305' title='bbox 911 3903 976 3957; x_wconf 71' lang='lat' dir='ltr'>sim.</span> <span class='ocrx_word' id='word_1_306' title='bbox 993 3905 1017 3949; x_wconf 88' lang='lat' dir='ltr'>in</span> <span class='ocrx_word' id='word_1_307' title='bbox 1029 3902 1050 3961; x_wconf 85' lang='lat'>§.</span> <span class='ocrx_word' id='word_1_308' title='bbox 1066 3913 1104 3955; x_wconf 76' lang='lat'>24.</span> <span class='ocrx_word' id='word_1_309' title='bbox 1119 3899 1251 3946; x_wconf 73' lang='lat' dir='ltr'>Caumicn.</span> 
     </span>
     <span class='ocr_line' id='line_1_41' title="bbox 413 3956 1398 4025; baseline 0.002 -21"><span class='ocrx_word' id='word_1_310' title='bbox 413 3959 566 4017; x_wconf 74' lang='lat' dir='ltr'>voluntaria,</span> <span class='ocrx_word' id='word_1_311' title='bbox 596 3958 640 4018; x_wconf 76' lang='lat' dir='ltr'>nist*</span> <span class='ocrx_word' id='word_1_312' title='bbox 656 3961 763 4019; x_wconf 78' lang='lat' dir='ltr'>probatur</span> <span class='ocrx_word' id='word_1_313' title='bbox 786 3965 887 4018; x_wconf 75' lang='lat' dir='ltr'>receptio.</span> <span class='ocrx_word' id='word_1_314' title='bbox 949 3967 971 4025; x_wconf 79' lang='grc' dir='ltr'>ς,</span> <span class='ocrx_word' id='word_1_315' title='bbox 990 3964 1062 4012; x_wconf 80' lang='lat' dir='ltr'>xuii.</span> <span class='ocrx_word' id='word_1_316' title='bbox 1083 3962 1202 4019; x_wconf 77' lang='lat' dir='ltr'>Expositis</span> <span class='ocrx_word' id='word_1_317' title='bbox 1224 3956 1358 4018; x_wconf 74' lang='lat' dir='ltr'>principiis</span> <span class='ocrx_word' id='word_1_318' title='bbox 1371 3970 1398 4006; x_wconf 84' lang='lat' dir='ltr'>a·</span> 
     </span>
     <span class='ocr_line' id='line_1_42' title="bbox 412 4019 1397 4080; baseline 0 -14"><span class='ocrx_word' id='word_1_319' title='bbox 412 4020 485 4080; x_wconf 86' lang='lat' dir='ltr'>Juxta</span> <span class='ocrx_word' id='word_1_320' title='bbox 510 4021 562 4067; x_wconf 79' lang='lat' dir='ltr'>itaec</span> <span class='ocrx_word' id='word_1_321' title='bbox 580 4019 650 4077; x_wconf 74' lang='lat' dir='ltr'>{gitur</span> <span class='ocrx_word' id='word_1_322' title='bbox 674 4021 794 4069; x_wconf 80' lang='lat' dir='ltr'>arbitror:</span> <span class='ocrx_word' id='word_1_323' title='bbox 819 4025 885 4079; x_wconf 88' lang='lat' dir='ltr'>quod</span> <span class='ocrx_word' id='word_1_324' title='bbox 916 4025 1023 4074; x_wconf 75' lang='lat' dir='ltr'>dilnnum</span> <span class='ocrx_word' id='word_1_325' title='bbox 1038 4029 1210 4077; x_wconf 78' lang='lat' dir='ltr'>humanarum,</span> <span class='ocrx_word' id='word_1_326' title='bbox 1226 4026 1342 4070; x_wconf 86' lang='lat' dir='ltr'>inalteta</span> <span class='ocrx_word' id='word_1_327' title='bbox 1357 4032 1397 4067; x_wconf 84' lang='lat' dir='ltr'>ea·</span> 
     </span>
     <span class='ocr_line' id='line_1_43' title="bbox 410 4081 1397 4149; baseline -0.003 -14"><span class='ocrx_word' id='word_1_328' title='bbox 410 4081 470 4140; x_wconf 87' lang='lat'>(¹)</span> <span class='ocrx_word' id='word_1_329' title='bbox 489 4084 648 4136; x_wconf 65' lang='lat' dir='ltr'>Atiiamaia,</span> <span class='ocrx_word' id='word_1_330' title='bbox 680 4086 757 4132; x_wconf 85' lang='lat' dir='ltr'>altero</span> <span class='ocrx_word' id='word_1_331' title='bbox 782 4096 885 4140; x_wconf 67' lang='lat' dir='ltr'>cogente</span> <span class='ocrx_word' id='word_1_332' title='bbox 915 4091 973 4149; x_wconf 87' lang='lat' dir='ltr'>pitia</span> <span class='ocrx_word' id='word_1_333' title='bbox 987 4090 1210 4148; x_wconf 82' lang='lat' dir='ltr'>parte‚deearum</span> <span class='ocrx_word' id='word_1_334' title='bbox 1228 4083 1397 4143; x_wconf 79' lang='lat' dir='ltr'>imputatione</span> 
     </span>
     <span class='ocr_line' id='line_1_44' title="bbox 409 4142 1402 4216; baseline 0.006 -27"><span class='ocrx_word' id='word_1_335' title='bbox 409 4142 536 4216; x_wconf 80' lang='lat' dir='ltr'>suscepta,</span> <span class='ocrx_word' id='word_1_336' title='bbox 549 4145 662 4203; x_wconf 85' lang='lat' dir='ltr'>imputari</span> <span class='ocrx_word' id='word_1_337' title='bbox 671 4157 761 4205; x_wconf 86' lang='lat' dir='ltr'>queat,</span> <span class='ocrx_word' id='word_1_338' title='bbox 776 4148 884 4205; x_wconf 78' lang='lat' dir='ltr'>qoiaao-</span> <span class='ocrx_word' id='word_1_339' title='bbox 916 4164 981 4201; x_wconf 74' lang='lat' dir='ltr'>nunc</span> <span class='ocrx_word' id='word_1_340' title='bbox 1003 4156 1086 4210; x_wconf 80' lang='lat' dir='ltr'>agitur.</span> <span class='ocrx_word' id='word_1_341' title='bbox 1119 4150 1228 4197; x_wconf 85' lang='lat' dir='ltr'>Verbum</span> <span class='ocrx_word' id='word_1_342' title='bbox 1247 4150 1364 4209; x_wconf 67' lang='lat' dir='ltr'>inp-am</span> <span class='ocrx_word' id='word_1_343' title='bbox 1382 4151 1402 4195; x_wconf 77' lang='grc' dir='ltr'>ι’</span> 
     </span>
     <span class='ocr_line' id='line_1_45' title="bbox 407 4206 1396 4323; baseline 0.003 -68"><span class='ocrx_word' id='word_1_344' title='bbox 407 4206 513 4255; x_wconf 82' lang='lat' dir='ltr'>iumatra</span> <span class='ocrx_word' id='word_1_345' title='bbox 526 4206 580 4269; x_wconf 80' lang='lat' dir='ltr'>eu,</span> <span class='ocrx_word' id='word_1_346' title='bbox 593 4219 642 4258; x_wconf 86' lang='lat' dir='ltr'>uec</span> <span class='ocrx_word' id='word_1_347' title='bbox 655 4209 718 4259; x_wconf 89' lang='lat' dir='ltr'>ratio</span> <span class='ocrx_word' id='word_1_348' title='bbox 728 4209 884 4272; x_wconf 71' lang='lat' dir='ltr'>exceptionis</span> <span class='ocrx_word' id='word_1_349' title='bbox 914 4215 1050 4268; x_wconf 78' lang='lat' dir='ltr'>rationibus</span> <span class='ocrx_word' id='word_1_350' title='bbox 1067 4216 1090 4265; x_wconf 76' lang='lat' dir='ltr'>dt</span> <span class='ocrx_word' id='word_1_351' title='bbox 1107 4212 1216 4266; x_wconf 83' lang='lat' dir='ltr'>numeria</span> <span class='ocrx_word' id='word_1_352' title='bbox 1227 4212 1263 4262; x_wconf 82' lang='lat' dir='ltr'>eii</span> <span class='ocrx_word' id='word_1_353' title='bbox 1277 4211 1396 4323; x_wconf 54' lang='lat' dir='ltr'>petitpta.</span> 
     </span>
    </p>
   </div>
   <div class='ocr_carea' id='block_1_8' title="bbox 0 0 1506 5150">
    <p class='ocr_par' dir='ltr' id='par_1_8' title="bbox 0 0 1506 5150">
     <span class='ocr_line' id='line_1_46' title="bbox 0 0 1506 5150; baseline 0 0"><span class='ocrx_word' id='word_1_354' title='bbox 0 0 1506 5150; x_wconf 95' lang='lat' dir='ltr'> </span> 
     </span>
    </p>
   </div>
  </div>
 </body>
</html>
