3000 5150
252 468 332 644 n
424 496 807 643 uer
903 495 973 642 ο
1073 499 1136 650 e
1229 499 1278 681 1¹

462 770 1062 917 sunonem

320 1148 877 1301 coruncanum.
919 1188 1188 1306 Tereos⁴
1311 1137 1333 1239 3'

257 1456 354 1630 Ex
367 1490 423 1563 quo
435 1483 567 1565 tempere
582 1468 680 1539 litera
689 1472 722 1538 in
738 1465 910 1538 Germania
923 1469 1250 1564 traiiorioaeptrunts

345 1589 383 1637 ex
398 1590 430 1639 co
446 1572 541 1638 etiarn
555 1566 698 1663 studium
713 1564 808 1656 Juris
824 1568 990 1637 Naturalis
1008 1590 1066 1639 non
1082 1570 1173 1661 plane
1195 1573 1246 1641 in⁴

256 1666 415 1738 excultum
431 1662 583 1758 jaeusse,
607 1667 686 1735 recle
713 1664 847 1750 dicitur,
861 1659 921 1756 scol
934 1686 992 1736 nou
1015 1668 1117 1737 rninus
1136 1687 1247 1748 uerum

256 1762 323 1856 esl,
348 1762 426 1855 quod
439 1816 449 1846 ,
474 1786 519 1854 cto¹
533 1764 714 1857 principiis,
735 1777 848 1854 porum
865 1757 979 1854 solidis
999 1784 1036 1833 oc
1057 1760 1246 1859 perspicuis,

255 1863 335 1931 idern
360 1860 545 1943 manuum,
572 1855 614 1941 ἐξ
636 1879 693 1954 per
712 1871 834 1951 ternpus
852 1857 938 1951 sotis
963 1860 1105 1954 longum,
1119 1859 1247 1958 srigidt

253 1962 350 2029 nimis
367 1979 404 2028 ac
421 1953 646 2052 insufficienter
661 1956 811 2045 traoliturn
826 1954 891 2051 st,
918 1959 1035 2044 laneo,
1063 1959 1167 2054 noslro
1186 1978 1246 2053 pa·

254 2072 396 2149 trumque
413 2060 578 2141 mensoria,
605 2047 683 2125 illud
697 2057 843 2125 erectiora
861 2055 1000 2146 proadem
1017 2058 1164 2149 ingenia,
1189 2059 1247 2130 loa·

254 2156 322 2225 bitu
339 2154 459 2225 cultiori
481 2154 640 2247 magisque
658 2153 787 2236 notior,
812 2154 1031 2239 exhibuerint,
1056 2175 1096 2223 etc
1117 2176 1172 2244 quo
1192 2179 1246 2227 no·

256 2272 326 2321 men
351 2251 445 2341 Jurt's
463 2251 636 2333 naturalis,
660 2249 772 2340 majori
797 2250 986 2333 celebritate,
1010 2251 1160 2333 innotuit,
1187 2254 1249 2322 imo

255 2348 409 2416 bmultis
446 2368 529 2415 noua
560 2342 720 2437 disciplina
738 2340 812 2433 suit
843 2342 1070 2435 existimatum.
1127 2342 1254 2437 Souesl

243 2442 375 2541 statum
392 2442 657 2526 Academiarum,
677 2451 750 2509 ante
768 2461 864 2509 annos
879 2461 938 2508 uon
955 2442 1001 2510 ita
1018 2443 1149 2528 arcultas,
1175 2449 1250 2530 cong⁵

243 2535 437 2635 ssdereotus,
465 2560 571 2611 nornen
594 2535 864 2630 Jurisprudeutt'ae
892 2536 1061 2610 Naturalis
1073 2542 1110 2610 in
1132 2542 1172 2612 iis
1187 2544 1248 2644 pita

251 2639 299 2735 esl
323 2641 484 2720 auditum,
501 2650 613 2707 cestra
634 2631 920 2727 SabalisJurillicis
938 2637 1213 2729 illapcnituoeeul
1233 2680 1248 2699 ·
1304 2720 1306 2725 ,

248 2740 321 2824 uit,
347 2760 385 2807 ac
397 2738 502 2806 omnia
511 2734 633 2826 pulpito
646 2732 814 2825 Papiniani
833 2732 1019 2826 Ulpianipue
1033 2735 1253 2831 decretisuniq

250 2857 286 2906 ct
315 2832 540 2928 resonuerunt,
565 2830 616 2925 ast
638 2831 724 2901 bodie
745 2831 835 2899 toties
851 2828 942 2924 forte
961 2831 1059 2924 Juris
1076 2835 1244 2927 Naturalis

248 2933 452 3022 resupinato,
478 2931 594 3021 quotics
614 2929 708 3021 Jurit
725 2927 863 3000 Romani
885 2921 1116 3022 Inslituts‘ones‚
1143 2935 1244 3026 eupli,

248 3044 379 3114 caretur,
406 3050 460 3100 net
485 3029 619 3120 amplius
641 3025 800 3121 piaculum
822 3023 1054 3121 effecreditur,
1079 3033 1243 3126 congenita

246 3127 380 3198 rationis
395 3127 565 3197 libamine
582 3140 741 3209 excutere,
754 3145 792 3193 ac
805 3124 940 3194 liberiori
953 3123 1155 3221 philosophia,
1171 3129 1241 3223 Jus

246 3222 424 3297 Romanum
448 3223 493 3294 ad
513 3223 569 3292 illa
594 3225 731 3317 exigere.
783 3222 903 3294 Doceat
920 3223 999 3293 illud
1011 3222 1155 3321 velsolots
1176 3226 1241 3300 Pu·

237 3316 409 3416 scotomi,
435 3321 477 3393 de
496 3308 623 3394 Officio
640 3315 856 3395 Hominis&
872 3320 988 3406 Civis,
1011 3321 1111 3414 juxta
1126 3323 1242 3416 legem

249 3417 464 3498 naturalem,
495 3416 640 3505 libellus,
671 3420 743 3513 qui,
774 3421 883 3490 oliano
907 3420 976 3489 vice
1001 3415 1122 3511 recusus
1147 3442 1185 3491 oc
1207 3423 1242 3494 in

248 3518 333 3587 alias
361 3515 457 3584 etiarn
478 3510 603 3605 linguas
621 3515 809 3605 translatus,
833 3511 1012 3609 crescentem
1032 3513 1129 3609 sluolii
1149 3519 1241 3614 bujus

247 3613 478 3686 uenerationem
488 3605 575 3701 satis
593 3610 742 3703 ostendit,
769 3627 802 3681 ut
817 3612 901 3682 latos
916 3612 983 3703 esus
1004 3604 1241 3708 progreffiss&

235 3708 375 3806 sortem,
401 3731 456 3797 sna
476 3710 504 3778 is
523 3711 685 3801 magisque
700 3705 903 3801 serenatam,
927 3709 998 3780 inde
1009 3715 1178 3806 augurari,
1203 3741 1237 3805 a·

244 3810 350 3881 mnino
363 3733 495 3903 parssgt,
523 3807 586 3877 irno
598 3828 659 3878 non
678 3806 834 3895 dubitem,
848 3801 944 3899 fore,
962 3821 1014 3896 ut,
1030 3807 1065 3900 st
1081 3811 1144 3882 dies
1159 3836 1235 3887 non·
1307 3859 1312 3866 ,

246 3905 420 3988 nullorum,
453 3902 505 3997 oui
527 3904 629 4001 legum
650 3904 888 3998 peregrinarum
915 3908 1091 3978 centonibus
1108 3911 1234 3985 immori

245 4002 374 4092 eupiunt
383 4058 392 4087 ,
398 4000 518 4098 suaque
532 4005 717 4076 aullotitate
727 4001 827 4097 Jurit
840 4003 1008 4076 Naturalis
1018 4003 1229 4102 dscipiinam,

244 4101 348 4191 auibuc
357 4115 521 4199 proruunt,
542 4101 724 4209 presulum
731 4097 915 4251 spostoluit,
930 4124 1044 4198 magno
1062 4106 1230 4221 uolucrum

415 4228 420 4234 ·
1168 4227 1230 4276 snt·
