3000 5150
237 436 291 514 Μ
436 422 628 504 Genua.
667 418 825 498 Gnnrr.
865 417 1024 490 Tarra

242 614 355 678 tamen
374 595 446 691 ejur
465 581 585 669 etiams
595 590 723 688 abusus,
749 590 908 685 regnetur,
921 587 963 673 &i
981 592 1125 680 morbus,
1152 572 1247 686 quae'

241 714 357 782 tamen
379 716 447 765 non
467 688 530 782 ipsr
556 690 768 779 disciplina,
802 688 857 759 sed
888 687 1086 768 hominibus
1114 688 1227 784 impu·

241 791 342 870 tanda
358 787 446 878 effe,
472 786 572 859 facile
588 787 701 881 liquet.
1118 827 1121 832 -

291 884 322 979 ξ.
348 894 407 961 66.
430 885 574 959 ‘Scilicet
605 903 681 954 raro
709 881 977 976 Jurisprudentia
1007 880 1226 958 Particularis

242 983 277 1062 in
302 982 398 1060 usum
427 978 641 1073 Reipublicae
667 979 730 1051 rire
758 981 838 1051 solet
858 976 926 1050 effe
951 978 1139 1075 constitura,
1170 1005 1228 1076 pa·

242 1104 318 1156 turn
338 1102 491 1176 congrue
516 1080 549 1151 in
573 1077 696 1157 scholis
716 1078 856 1163 docetur,
882 1075 963 1147 duna
994 1078 1097 1150 solida
1122 1079 1227 1172 Juriu

243 1178 435 1274 prudentie
458 1177 580 1251 divinae
612 1172 833 1251 fundamenta
858 1171 891 1246 ei
921 1197 991 1246 non
1015 1175 1228 1249 substernun-

245 1294 324 1368 tur,
352 1276 387 1350 in
411 1276 481 1348 vita
499 1270 594 1343 civili
613 1270 730 1363 paffim
756 1271 828 1357 ejus
846 1269 982 1344 decreta
1010 1274 1227 1367 negliguntur,

248 1370 466 1460 acidiam,
493 1368 564 1453 fine
589 1372 705 1465 pravis
731 1365 932 1458 affeCiibus,
966 1391 1044 1440 raro
1071 1373 1230 1471 applicar-

163 1489 167 1496 '
249 1487 310 1552 mr.

294 1565 324 1662 5.
336 1571 394 1659 67.
413 1563 529 1638 Potest
548 1563 650 1637 etiam
666 1564 937 1659 Jurisprudenria
952 1563 1169 1644 Particularis
1184 1566 1229 1639 di·

247 1661 398 1759 stingui,
434 1664 491 1755 (r)
523 1665 559 1734 in
583 1663 773 1739 Naiarrrlrm
801 1661 840 1738 ἅ
875 1661 1073 1753 Pofitivam,
1106 1663 1167 1757 (2)
1199 1665 1230 1742 in

246 1762 416 1844 Privatam
442 1759 480 1832 ἃ
510 1760 669 1832 Pudicam
696 1761 797 1853 juxta
822 1760 983 1833 indicium
1009 1759 1038 1855 ᾗ.
1065 1779 1124 1849 49.
1161 1784 1234 1856 quae

246 1856 413 1954 posterior
443 1854 616 1929 distinerio
644 1880 687 1929 eo
719 1860 828 1951 magis
855 1857 913 1931 hie
944 1855 1124 1930 neceffaria
1157 1857 1232 1946 est,

245 1978 316 2048 quo
340 1955 448 2051 magis
472 1955 644 2049 prolixitas
669 1952 698 2048 Β.
726 1978 785 2045 59.
812 1973 954 2041 notata,
992 1953 1162 2048 requirit,
1200 1975 1234 2033 ut

244 2054 344 2160 juxta
359 2076 437 2125 earn
456 2050 725 2146 Jurisprudentia
746 2052 958 2133 Particularis
980 2058 1141 2124 tradatur.

300 2150 331 2248 Β.
359 2156 417 2229 68.
451 2153 548 2221 Licet
570 2165 684 2230 autem
710 2148 881 2221 distintiio
906 2148 962 2221 iar
987 2148 1152 2224 tritiffinra
1175 2149 1233 2238 stt,

250 2268 402 2334 attamen
421 2248 495 2320 satis
511 2247 672 2338 expedita
689 2247 842 2336 nonest,
868 2269 946 2319 curn
973 2247 1147 2340 utriusque
1170 2247 1235 2320 stu·

251 2346 303 2430 dii
323 2347 443 2430 limites
459 2369 477 2419 a
493 2344 711 2438 scriptoribus
728 2350 785 2418 vei
807 2370 874 2419 non
899 2344 973 2416 saris
992 2342 1236 2440 designentur,

251 2447 310 2523 vel
334 2464 426 2520 certe
444 2441 513 2535 ipsa
535 2442 734 2522 erudiatinne
756 2446 948 2520 turbentur:
978 2442 1068 2517 Mihi
1089 2439 1136 2513 fic
1163 2444 1238 2524 bre·

249 2543 341 2631 viter
361 2540 505 2617 videtur.

300 2638 330 2736 ᾗ.
356 2643 414 2729 69.
447 2638 715 2732 Jurisprudentia
744 2639 880 2709 Privata
912 2637 989 2727 est,
1024 2661 1099 2735 quae
1124 2637 1240 2714 horni-

249 2761 334 2812 nunr
364 2737 610 2829 privatorum,
645 2739 807 2808 necnon
835 2737 1107 2830 imperantium,
1139 2738 1241 2831 juxta

248 2832 441 2927 respeiium
461 2834 632 2929 privatum
654 2832 900 2928 indutorum,
927 2835 1041 2913 officia
1062 2838 1238 2929 expiieat3

249 2934 384 3015 Publica
415 2956 527 3018 vero,
562 2955 638 3027 quae
671 2930 873 3010 struituram
904 2932 1056 3012 civitatis
1083 2937 1241 3027 adeoque

251 3028 401 3121 subditos
416 3051 455 3100 ac
472 3031 680 3121 Imperantes
702 3027 979 3108 constituendos,
1006 3052 1042 3102 ut
1065 3029 1103 3102 dt
1125 3033 1242 3125 impe·

251 3145 366 3219 rantes
392 3125 611 3214 constitutos,
636 3127 691 3200 sed
716 3149 783 3218 qua
806 3131 913 3215 tales,
946 3129 1001 3201 seu
1024 3152 1103 3199 cura
1126 3129 1241 3223 impe,

251 3227 309 3307 rio
329 3227 367 3300 de
386 3224 539 3298 libertate
555 3225 648 3297 civili
669 3222 917 3313 confideraros,
942 3226 1117 3320 expendit.

305 3321 336 3418 ὅ.
362 3346 429 3416 ·7o.
464 3323 520 3395 De
550 3341 678 3395 caetero
707 3325 861 3414 rotuplex
895 3321 945 3393 est
973 3324 1243 3418 jurisprudentia

252 3421 490 3511 1²articularit,
516 3441 598 3515 quot
621 3421 666 3492 sui
691 3419 770 3513 jutis
794 3421 1013 3513 Respublica
1032 3443 1242 3510 occurrunt,

255 3514 341 3607 hinc
368 3516 533 3592 haitenus
561 3519 595 3590 in
620 3540 746 3614 genere
770 3518 812 3587 de
835 3541 877 3589 ea
902 3518 992 3591 dieta
1015 3520 1057 3592 ad
1083 3519 1244 3615 quamvis

257 3614 563 3720 Jurisprudentiam
591 3615 856 3703 Particularenr,
884 3619 1020 3690 mutatis
1048 3618 1244 3707 mutandis,

149 3730 152 3736 ·
257 3712 451 3806 applicari,
485 3739 524 3790 ac
559 3737 622 3808 pro
665 3719 798 3795 ratione
836 3715 1050 3809 Reipublicae
1095 3715 1245 3812 amplius

255 3808 417 3907 distingui
441 3833 481 3882 ac
507 3811 619 3884 diduci
644 3811 777 3907 poffunt
801 3810 838 3886 ἃ
866 3815 1011 3901 debent,
1044 3813 1156 3909 quod,
1182 3837 1247 3887 ex·

255 3909 375 3999 enrpln
400 3907 675 4003 Jurisprudenriae
699 3908 941 3997 Germanicae,
978 3911 1011 3981 in
1043 3917 1120 3985 areis
1146 3912 1247 4006 Jurir

221 3991 227 4000 ’
252 4002 406 4100 fodiri,
425 4007 565 4097 ,Frtdalir
577 4001 618 4098 ξέ
630 4004 839 4113 Eccirfiufiiri
851 4006 1087 4103 Specirrrinibrrr,
1101 4011 1265 4211 agendi·

268 4188 271 4193 .
919 4140 923 4148 ”
1150 4163 1158 4182 ·
1186 4132 1248 4207 7¹·
