3000 5150
372 459 448 552 'ida
549 462 620 542 Dr
670 466 908 541 orricio
958 460 1214 546 Hortante

382 669 488 743 opera
508 642 748 717 misericordiae
772 662 828 714 aut
846 644 1002 716 amicitiae
1019 642 1109 718 soret
1127 645 1364 738 exerciturus,

382 749 444 826 nist
468 745 587 841 gloriae
616 759 673 812 aut
700 743 924 813 emolumenti
953 743 1128 837 explorata
1153 744 1219 835 spe.
1275 746 1365 819 ‘Ex

384 870 452 944 quo
475 843 512 913 dt
537 839 616 914 illud
638 838 914 934 consequeretur,
942 859 978 911 ut
1002 841 1082 911 dum
1106 865 1210 913 nemo
1225 841 1259 914 in
1281 845 1366 917 alte·

317 980 320 985 ·
384 948 451 1019 rius
475 938 563 1024 fide,
589 936 729 1007 remotis
755 938 859 1029 poenia
876 935 1019 1024 divinis,
1046 938 1183 1009 solidam
1203 940 1369 1012 fiduciam

384 1042 554 1114 collocate
578 1030 713 1126 posset,
748 1033 866 1128 singuli
889 1056 1055 1126 perpetuo
1079 1057 1170 1107 metu
1196 1035 1235 1110 dt
1263 1038 1368 1131 suspi-

383 1136 540 1210 cionibus
564 1131 656 1204 anxii
681 1131 859 1217 viverent,
888 1154 930 1204 ne
950 1135 992 1203 ab
1014 1132 1085 1205 aliis
1110 1136 1366 1228 deciperentur,

383 1258 441 1310 aut
471 1233 681 1304 laederentur.
738 1227 860 1300 Sed&
891 1248 960 1300 tam
994 1229 1226 1396 imperantes,
1260 1256 1368 1327 quam

384 1330 526 1427 subjedli
547 1349 667 1421 parurn
689 1326 861 1419 proclives
883 1325 988 1397 futuri
1008 1351 1027 1399 e
1057 1349 1115 1400 ent
1134 1332 1175 1401 ad
1202 1330 1368 1423 praeclara

383 1431 422 1505 dr
454 1426 598 1525 gloriosa
630 1446 736 1515 opera
767 1424 941 1517 patranda.
1006 1426 1101 1498 Nam
1138 1428 1370 1520 imperantes,

385 1525 481 1602 nullo
502 1520 717 1595 conscientie
746 1522 886 1593 vinculo
912 1519 1112 1612 constridli,
1148 1526 1266 1596 omnia
1290 1547 1369 1599 mu·

384 1626 458 1713 nia,
482 1620 654 1717 ipsamque
670 1614 834 1713 justitiam
860 1618 992 1691 venalia
1017 1619 1120 1694 essent
1138 1620 1305 1710 habituri,
1328 1621 1371 1697 ἃ

384 1724 423 1798 in
448 1719 608 1791 omnibus
628 1716 803 1808 privatum
825 1719 1047 1790 commodum
1068 1715 1258 1812 quaesituri,
1284 1741 1372 1793 cum

385 1814 602 1914 oppreffione
627 1812 784 1886 civium:
819 1813 839 1884 a
862 1837 1007 1909 quorum
1034 1817 1216 1890 rebellione
1238 1818 1286 1890 uti
1307 1816 1374 1893 srbi

385 1919 517 2008 semper
542 1929 757 2001 metuerent,
793 1911 840 1983 ita
864 1912 956 1985 suam
978 1913 1116 1989 salutem
1142 1914 1244 1988 unice
1264 1915 1299 1989 in
1327 1939 1374 1991 eo

384 2012 530 2113 positam
549 2009 794 2104 intelligerent,
821 2029 855 2081 ut
875 2008 957 2083 istus
975 2034 1076 2108 quam
1103 2013 1256 2087 maxime
1273 2035 1374 2088 ener-

385 2136 449 2188 vea
478 2107 669 2182 redderent.
733 2104 836 2179 Cives
858 2127 998 2198 contra,
1023 2108 1278 2205 oppressronem
1307 2113 1374 2184 irn·

384 2209 580 2305 perantium
603 2205 845 2289 formidantes,
870 2228 1045 2302 nunquam
1070 2232 1140 2283 non
1165 2209 1374 2306 circumspe·
1420 2245 1424 2251 ·

385 2306 473 2384 ituri
494 2302 608 2378 forent
634 2301 831 2377 occasrones
855 2306 1064 2382 rebellandi:
1096 2331 1161 2381 nec
1190 2309 1302 2382 minus
1324 2329 1375 2382 ta·

385 2429 468 2482 rnen
498 2401 560 2496 ipsi
583 2403 672 2477 inter
698 2403 732 2475 se
756 2399 912 2488 diffisuri,
939 2402 1039 2498 seque
1064 2426 1186 2478 mutuo
1211 2407 1375 2480 sormida-

387 2505 463 2581 turi·
485 2521 594 2576 erant.
650 2501 742 2601 Quin
769 2499 806 2572 dt
832 2501 1025 2671 conjuper,
1068 2507 1190 2579 oborta
1221 2505 1278 2579 vel
1305 2505 1377 2579 levi

388 2600 548 2701 querela,
573 2599 780 2672 seinvicem
807 2597 909 2673 essent
951 2601 1175 2696 uspedlaturi,
1201 2627 1245 2677 ne
1272 2627 1376 2676 vene·

387 2725 457 2788 no,
489 2718 547 2770 aut
571 2698 639 2772 alio
663 2697 874 2771 clandestino
906 2700 1013 2772 modo
1039 2722 1251 2775 necarentur.
1309 2701 1377 2775 Par

389 2795 581 2894 pericolum
603 2796 623 2867 ὲ
643 2795 770 2867 familia
801 2798 1026 2872 immineret:
1059 2823 1165 2896 quum
1188 2800 1278 2873 enim
1302 2797 1376 2872 sine

391 2893 557 2988 religione
586 2894 677 2965 nulla
704 2916 843 2989 quoque
881 2894 998 2970 sutura·
1029 2895 1119 2972 soret
1147 2897 1377 2986 couscientia,

392 3005 463 3066 'non
489 2989 591 3062 facile
614 2988 714 3078 esset,
748 2996 884 3066 occulta
913 2997 1080 3092 ejusmodi
1110 2998 1232 3072 scelera
1253 2996 1380 3091 depre-

392 3089 567 3174 hendere3
603 3090 732 3184 quippe
754 3115 829 3186 quae
858 3094 1059 3190 plerumque
1088 3119 1148 3190 per
1171 3093 1381 3189 inquietudi-

392 3212 472 3266 nem
499 3186 735 3278 conscientie,
762 3188 799 3262 ἃ
817 3213 981 3280 terrores,
1008 3194 1045 3265 in
1063 3194 1230 3268 exteriora
1250 3190 1380 3266 indicia

391 3308 628 3380 erumpentes,
656 3290 855 3384 produntur.
911 3291 1012 3364 Unde
1036 3293 1200 3388 adparet,
1234 3310 1380 3388 quanto·

392 3411 475 3485 pere
493 3386 559 3483 (y)
582 3386 709 3461 intersit
727 3390 861 3485 generis
886 3388 1046 3482 humani,
1071 3391 1238 3469 atheismo
1258 3411 1382 3462 omnes

1281 3508 1381 3575 vias,-

426 3693 480 3755 (y)
503 3696 564 3745 Unde
586 3696 693 3757 charit,
709 3696 870 3761 quantopere}
902 3701 992 3750 riorum
1012 3699 1135 3762 festam,
1159 3707 1274 3759 quantum
1293 3696 1325 3744 td
1344 3696 1387 3746 so·

391 3760 541 3808 Arlreismum
566 3761 740 3820 theoreticum,
765 3766 793 3809 ati
811 3777 870 3810 con·
902 3767 1004 3814 cietares
1018 3766 1150 3822 humanat,
1167 3758 1309 3809 meliorest.

390 3825 502 3870 rinendrs
527 3824 655 3870 societates
680 3827 807 3883 humanas,
834 3828 870 3872 ni·
934 3843 956 3875 e.
974 3830 1000 3876 ln
1018 3830 1083 3877 hunc
1101 3826 1157 3874 fare
1171 3826 1271 3873 modum
1288 3826 1320 3872 de
1343 3835 1384 3872 re·

390 3885 425 3930 iiii
442 3888 574 3943 conferre,
591 3886 740 3933 munlsesturn
761 3890 812 3947 est,
828 3890 870 3935 ille
901 3892 992 3950 ligione
1007 3888 1109 3941 naturell
1125 3886 1290 3948 philosophari
1307 3886 1385 3943 licet,

391 3958 473 3994 tamen
499 3953 539 3998 nar
565 3953 637 3996 etiam
664 3953 796 3998 necessario
820 3966 869 3999 non
903 3955 1004 4013 sepoiira
1023 3951 1300 4013 rellclonecuristiana.
1341 3949 1385 3998 Ast

392 4014 491 4081 turbat,
510 4016 577 4072 quod
600 4025 631 4059 ex
655 4012 707 4068 ejus
727 4015 870 4062 delinitione
903 4013 1383 4077 poliquamltaecluvuluit,manifesto·

392 4074 477 4141 irruet.
510 4079 601 4125 titheus
616 4087 673 4123 cum
690 4078 870 4137 hypocritam·
903 4082 955 4141 est,
979 4085 1047 4142 quod
1065 4084 1129 4130 inter
1152 4080 1301 4129 Cirriiliauoe
1327 4075 1385 4125 reli·

393 4144 415 4177 11
433 4136 496 4207 palio
522 4143 646 4198 ambulet,
670 4151 702 4187 eo
727 4154 807 4201 vero,
830 4142 872 4201 qui
901 4145 979 4204 gronii
1003 4145 1136 4202 naturalle',
1160 4143 1270 4194 solitarie
1289 4138 1386 4210 ipesta·

390 4199 537 4256 sermonen
557 4202 726 4253 insociabilem
746 4206 770 4255 ut
792 4205 871 4269 impe·
902 4222 948 4274 re,
968 4210 1051 4262 nullm
1069 4206 1176 4271 inpios
1191 4209 1219 4260 iit
1233 4207 1292 4261 usur
1301 4213 1387 4322 'iim
