3000 5150
531 411 1075 542 'romonum-t.
1251 490 1276 560 4

273 655 333 706 aas
352 655 413 705 non
440 654 523 706 oona
543 636 701 707 bominum
729 633 978 728 existimatione,
993 633 1054 732 sel
1076 640 1196 711 ratione
1216 661 1272 711 ar·

272 746 363 824 teque
383 731 531 822 constare.
584 734 681 901 9th
693 728 727 824 st
744 733 851 802 iisdem
873 757 985 827 quoque
1014 760 1054 807 ex
1070 734 1269 831 fimplicitott

272 832 334 898 illa
356 832 514 917 naturali,
535 827 606 920 ficu
630 832 871 918 toennensem,
897 835 989 901 robur
1019 856 1056 906 oc
1078 837 1194 927 pondus
1211 836 1267 907 ud·

270 928 414 1015 duntur,
448 930 502 997 uhi
535 951 607 999 uero
631 929 672 998 ab
698 947 735 998 eo
768 924 947 1017 disiectum,
966 953 1009 1000 eto
1039 935 1125 1003 vario
1150 934 1268 1026 Reipu-

266 1028 400 1118 publica
425 1024 521 1121 statu
551 1022 734 1118 oliverfisque
761 1029 897 1095 snotibus
933 1029 1129 1115 animorum,
1161 1029 1267 1123 distri,-

267 1127 363 1193 minis
388 1126 526 1194 rationts
549 1125 798 1218 itsuestigentur,
820 1121 896 1217 spes
921 1145 982 1193 non
1004 1145 1087 1195 vona
1113 1124 1267 1220 effulget,

262 1218 346 1314 poffo
378 1221 476 1314 Juris
508 1221 616 1292 Ciuilis
645 1222 782 1313 Corpus,
813 1242 851 1291 ts
887 1236 934 1292 tot
968 1223 1104 1293 millenis
1136 1230 1268 1295 centoni-

266 1321 326 1387 bus
356 1318 512 1413 consutum
535 1373 546 1403 ‚
571 1317 693 1416 suoque
716 1319 1060 1410 dignitate'orbutum‚
1087 1343 1147 1392 nno
1173 1324 1269 1393 ratio·

268 1439 347 1485 num
382 1419 502 1489 vinculo
523 1420 638 1489 iterum
668 1419 829 1508 copulari,
862 1411 906 1495 ἐξ
927 1420 1145 1509 quodnnnnodo
1173 1422 1270 1498 nitori

259 1508 318 1608 suo
342 1515 473 1610 roslitui.
526 1516 625 1589 Reae
653 1512 798 1585 Seldenns
815 1510 971 1607 satisfit,
1000 1516 1058 1609 jus
1086 1518 1266 1590 Romanum

263 1616 413 1706 optimum
437 1615 523 1710 juris
555 1629 677 1684 natura
710 1608 767 1704 offe
801 1614 1030 1706 interpretens,·
1062 1630 1097 1685 ot
1129 1610 1265 1709 viciffirn

254 1712 312 1806 jus
347 1712 445 1782 Ciuile
478 1713 599 1806 regitur
619 1714 694 1804 jure
724 1711 887 1793 natarali,
913 1734 1052 1803 caraque
1076 1706 1120 1792 ἐξ
1150 1734 1263 1784 monta

261 1808 308 1904 est
332 1813 432 1880 omnis
457 1809 671 1881 Romanorum
691 1807 969 1903 Jurisprulentia‚
992 1806 1059 1901 fine
1079 1810 1176 1902 Joris
1190 1810 1261 1882 Na·

260 1922 340 1979 tura
365 1909 423 1977 bar
442 1904 549 1999 faoe;
585 1929 770 2000 nequeenim
796 1908 890 2005 alitor
917 1908 1077 2000 quisquam
1108 1911 1187 1979 telle
1212 1913 1260 1981 in·

258 2006 379 2100 telliget
401 2028 557 2097 unquam,
583 2005 644 2097 nisi
675 2005 829 2097 JCtorum
852 2009 995 2075 imitetur
1022 2005 1181 2098 vestigia,
1207 2010 1262 2098 qui

258 2126 328 2173 earn
364 2105 449 2174 nobis
477 2100 633 2197 scripturn
658 2104 858 2196 reliquerunt.
924 2106 1062 2174 Alterius
1086 2101 1134 2191 fic
1159 2103 1260 2174 ultera

255 2199 353 2294 poscit
379 2218 462 2292 opem
491 2224 540 2271 res
565 2194 607 2279 &⁹
634 2198 788 2292 conspirat
811 2202 918 2271 arnico.
982 2200 1080 2291 Juuit
1099 2198 1184 2292 sape
1217 2193 1260 2279 ἐξ

249 2303 350 2394 juvat
379 2302 644 2390 peregrinantes,
687 2298 729 2366 od
763 2297 833 2366 Nili
865 2297 915 2364 vel
952 2296 1123 2385 Euphratis
1149 2295 1266 2386 fonte-s·

248 2394 426 2492 pervensse
440 2419 454 2481 ,·
487 2408 525 2463 at
553 2396 642 2485 longe
663 2394 735 2488 plus
760 2393 806 2487 esi
826 2447 836 2475 ‚
860 2394 948 2488 juris
979 2394 1087 2475 illius,
1114 2392 1193 2485 quod
1218 2389 1264 2465 ea

247 2497 418 2591 praeceptis
453 2492 691 2577 Naturalibur‚
739 2493 886 2561 Gentium
918 2484 961 2570 δ’
991 2491 1140 2560 Civilibus
1167 2492 1230 2561 cell
1242 2531 1257 2547 ·

252 2597 336 2665 tieem
368 2590 443 2688 est,
468 2583 674 2683 origines&
700 2591 856 2683 principia
882 2589 949 2659 vidi
971 2611 1014 2676 e,
1048 2612 1174 2682 quornm
1203 2611 1258 2662 ne·
1318 2602 1321 2608 ⁴

250 2713 306 2785 pue
339 2690 447 2775 ratio,
482 2710 575 2780 nepus
598 2685 677 2778 filos
708 2712 729 2758 a
756 2708 904 2782 quoquam
933 2687 1117 2758 indubium
1147 2689 1254 2761 vocari

246 2784 349 2884 poffit.
401 2787 572 2860 Videamus
599 2786 792 2873 Ciceronem,
822 2809 914 2878 quom
946 2786 998 2856 ille
1020 2787 1091 2878 plus
1117 2811 1177 2856 uno
1204 2789 1248 2857 lo·

249 2911 283 2959 co
311 2888 463 2973 letatur,
486 2882 566 2977 quood
593 2884 677 2977 leget
698 2887 775 2955 ΧΗ.
804 2883 898 2956 Tobb.
922 2885 1038 2978 publici
1058 2886 1158 2955 omnis
1181 2887 1261 2977 pri·:

248 2987 375 3077 vatique
399 2985 486 3076 juris
506 2980 662 3075 sontem,
697 2986 741 3054 ad
773 3003 921 3054 naturam
952 2979 1010 3074 effe
1037 2983 1248 3054 ustorumoda·

247 3097 322 3167 tas,
357 3080 463 3176 rnsqne
495 3082 630 3151 omnium
658 3078 907 3174 Philosophorum
942 3082 1139 3150 bibliothecas
1190 3103 1248 3164 unq

247 3182 402 3252 lissitatis
426 3181 557 3272 pondere
580 3200 616 3248 oc
640 3180 787 3255 utilitatis
809 3183 950 3250 ubertate
964 3177 1117 3268 juporore
1139 3200 1247 3271 cogno·

248 3292 352 3349 verat.
410 3277 569 3374 Quicquid
591 3281 671 3346 enim
702 3301 723 3346 o
760 3279 889 3350 Gratia
913 3274 1107 3366 sapientibus
1142 3270 1248 3361 rixosts
1291 3326 1293 3331 s
1347 3311 1351 3325 ι

247 3373 456 3470 disputatione
492 3377 527 3444 de
560 3374 680 3466 legibus
715 3371 758 3458 ὅ)
783 3374 903 3465 finibus
932 3376 1078 3442 benorum
1113 3368 1247 3464 fflsurtt

246 3473 371 3567 magis,
398 3492 490 3564 quom
515 3468 668 3562 digestum
695 3488 790 3561 erat,
814 3473 848 3542 iel
876 3471 1060 3542 Decemviri
1082 3470 1115 3538 in
1148 3468 1246 3540 Rem-
1310 3530 1313 3537 .
1368 3492 1370 3496 ⁷

241 3572 403 3669 publicam
424 3566 519 3659 luam
543 3565 788 3657 transtulerunt,
812 3584 845 3640 ut
864 3567 961 3661 fieret
990 3564 1087 3637 lemen
1114 3568 1245 3659 publica

246 3666 290 3753 &⁹
317 3671 455 3764 privata
489 3665 652 3737 utilitatis.
702 3666 745 3736 Et
769 3670 834 3760 quis
858 3667 937 3736 mihi
961 3667 1045 3737 tubis
1067 3665 1167 3752 ullos,
1190 3664 1246 3758 qui

246 3786 315 3842 tam
346 3769 407 3841 olte
432 3768 545 3841 rimati
566 3762 638 3856 stnt
669 3779 818 3837 naturam
850 3766 1044 3849 lismonam,
1071 3767 1244 3858 quivena

243 3866 329 3964 [ium
350 3869 444 3940 totius
466 3883 590 3938 natura
602 3859 712 3955 finum
732 3919 742 3953 ,
768 3880 826 3936 out
852 3881 971 3959 veteres
985 3859 1149 3957 sapientia
1173 3882 1241 3932 ma·
1311 3930 1313 3934 ,

242 3961 385 4064 gislros,
414 3965 603 4056 Homerum,
638 3962 832 4055 Heluium,
863 3962 1049 4056 Platonem,
1080 3959 1238 4060 Aristum·

584 4144 587 4150 Ι
697 4062 856 4106 ΜΗ
1157 4059 1240 4150 lem,
