3000 5150
349 330 734 521 Locroru-
767 393 1208 532 numenoio

649 644 689 730 S.
747 645 788 734 P.
844 652 898 738 D.

269 901 731 1008 couscnooius
785 904 1247 1059 CARMICHAEL

264 1157 409 1325 Rem
434 1152 690 1250 philosophicam,
726 1154 831 1351 apra
856 1150 900 1237 ii
925 1118 1256 1259 earumipsarum

373 1257 535 1342 memoria,
553 1258 671 1346 partim
696 1277 717 1325 a
761 1259 914 1349 equiomm
928 1251 1110 1349 seculorum
1137 1264 1258 1355 ineptiis

265 1366 487 1446 repurgatam,
507 1355 627 1445 partim
644 1357 782 1447 egregiis
797 1355 998 1424 incrementis
1018 1354 1256 1449 locupletatam,

264 1464 390 1541 utroque
413 1453 534 1523 nomine
552 1450 595 1520 ad
604 1448 785 1541 feliciorem
805 1451 899 1522 multo
914 1448 1042 1546 statum
1068 1452 1127 1549 ff
1144 1458 1258 1549 perdu-

259 1548 363 1631 iiam,
389 1570 475 1619 nemo
494 1547 586 1640 paulo
606 1549 769 1621 humanior
792 1549 927 1643 ignorat.
988 1550 1097 1642 Neque
1111 1549 1179 1637 soli
1200 1556 1257 1627 boc

257 1645 388 1737 contigit
410 1641 610 1739 Philosophia
636 1645 808 1732 Naturali,
834 1647 867 1716 in
895 1666 957 1738 qua
981 1647 1080 1716 unitis
1112 1647 1252 1747 Claeffl·

258 1763 380 1815 morum
407 1741 554 1817 Virorum
579 1745 677 1837 operis
692 1740 782 1836 faiir'
800 1739 975 1837 progreffias
995 1794 1006 1828 ,
1030 1743 1104 1815 dum
1127 1764 1183 1839 per
1199 1772 1253 1822 aas
1356 1813 1359 1819 ,

256 1842 330 1939 ipsa
353 1840 548 1912 Meelranica
567 1840 664 1911 Artes
682 1840 909 1925 excolerentur,
933 1842 1029 1914 etium
1060 1841 1160 1936 Vulgi
1178 1870 1250 1918 aeu-

207 1974 236 2009 ν
255 1943 302 2012 los
319 1936 578 2032 perstrinxerunt.
628 1938 772 2030 Reliquae
789 1940 883 2026 etiarn
905 1934 1087 2032 Disciplina
1110 1942 1249 2036 Philoso-

252 2039 352 2131 pbica
370 2058 427 2106 non
447 2039 549 2106 minus
565 2034 707 2125 feliciter
719 2031 799 2129 sunt
825 2035 972 2107 exculta:
997 2059 1128 2127 auarum
1151 2038 1247 2132 neseio

256 2158 299 2210 an
318 2134 380 2203 ullu
397 2130 555 2228 nosriffime
572 2130 682 2226 elapsa
702 2154 851 2204 annorum
867 2134 1012 2205 centurie
1025 2134 1097 2225 plus
1120 2134 1247 2228 micat,
1274 2196 1282 2210 .

258 2253 349 2324 quarn
366 2229 514 2301 Scienoia
531 2228 687 2301 Masulis.

309 2325 407 2411 Hac,
438 2328 572 2416 antiquis
596 2325 799 2417 sapientibus
822 2326 956 2393 maximi
980 2322 1163 2418 estimato,
1196 2352 1255 2405 nec

254 2426 297 2497 ab
325 2424 434 2494 iisdem
456 2420 602 2513 inaurilffe
634 2422 800 2504 traiiata,
836 2443 901 2491 una
931 2444 1000 2492 eum
1031 2422 1156 2510 reliquis
1169 2424 1250 2518 fere

252 2522 394 2597 omnibus
409 2522 496 2591 bonis
519 2521 660 2605 artibus,
686 2513 896 2610 aliusordibut
922 2520 1029 2590 obruta
1044 2520 1168 2612 jacuit,
1191 2526 1252 2598 dn·

250 2646 328 2707 nee,
350 2615 525 2713 paulopost
552 2618 677 2688 initium
700 2615 900 2708 precedentis
914 2615 1029 2704 seculi,
1051 2634 1105 2710 ape
1121 2620 1246 2695 Incon-

242 2716 400 2816 parabilis
416 2715 490 2788 Veri
503 2713 664 2810 Hugonis
679 2711 791 2786 Grotii
809 2711 999 2905 (aplanem
1016 2717 1049 2784 in
1063 2733 1155 2808 parte
1175 2745 1243 2815 que

248 2832 358 2889 mutua
373 2813 543 2883 Hominum
558 2816 638 2885 inter
642 2808 684 2904 se
700 2809 808 2905 definit
834 2835 850 2878 o
889 2814 955 2896 aia,
981 2835 1103 2906 quaque
1127 2820 1165 2888 ab
1187 2822 1240 2891 ire·
1370 2863 1373 2867 f

246 2930 371 3009 gentem
390 2909 513 3005 casuum
540 2911 588 2980 bie
613 2913 834 2982 occurrentium
857 2912 1042 2982 varietatem
1068 2911 1114 3008 eli
1139 2919 1238 2990 multe

215 3065 218 3068 -
247 3008 422 3108 latiffima)
455 3010 614 3102 plusquam
633 3006 766 3104 pristino
787 3003 864 3100 fuit
883 3003 1042 3101 splendori
1069 3009 1237 3106 restituta,

244 3108 555 3277 ξεςνεςὶᾚρῧῖι,
581 3106 659 3199 quod
680 3104 879 3272 inscribiturl,
905 3106 960 3177 De
980 3105 1064 3274 {use
1092 3106 1175 3277 Behffi
1201 3110 1241 3188 oz

248 3228 403 3396 liiiio
427 3321 467 3394 ,a
481 3227 537 3373 'ai
551 3198 1241 3396 'pilisini‘titillanti

245 3403 359 3494 capit,
382 3399 451 3468 utili
476 3421 541 3470 ema
560 3400 620 3471 hac
640 3394 881 3494 nobilifflmaque
900 3398 1065 3469 Doiirina.

295 3496 363 3569 Sed
384 3517 453 3565 curn
492 3495 658 3587 plerique,
692 3513 748 3587 per
776 3517 927 3566 annorum
955 3490 1075 3584 Lullra
1108 3499 1236 3574 circino

243 3596 368 3681 deterre,
394 3594 482 3661 intra
501 3588 728 3682 cancellosfere
735 3585 773 3683 se
789 3589 1001 3684 continuiffent
1015 3592 1127 3687 Operis
1145 3596 1254 3670 cro

243 3692 347 3780 tiani,
372 3689 452 3784 quael
465 3689 525 3758 alii
545 3689 579 3757 in
601 3687 763 3780 Epitornes
791 3689 1027 3776 contrahebant,
1049 3691 1109 3786 alii
1139 3696 1234 3772 Notis

244 3805 299 3860 aut
325 3788 561 3860 Commentariis
585 3782 813 3881 illustrabant,
839 3787 891 3857 vel
914 3787 1237 3883 Animaduerstanibrss

235 3885 464 3981 solicitabant,
498 3883 597 3979 (duos
626 3883 759 3956 celebres
786 3882 944 3981 Anglos,
979 3885 1160 3962 seldenum
1188 3889 1235 3976 Β

243 3982 446 4074 Hobbium,
475 4007 534 4060 non
556 3981 707 4071 inclai03
731 4005 858 4079 auorum
876 3984 960 4062 ulter
980 3985 1026 4063 ad
1050 3985 1230 4063 uoueme-

1159 4112 1231 4164 tun
