3000 5150
445 513 1070 603 otsnuvnntottnm
1191 475 1249 627 't

259 729 376 803 quoqne
399 704 561 805 affinitur,
586 706 676 800 cujus
695 706 778 777 ratio
802 711 886 780 utia
910 709 955 779 rei
970 703 1144 780 trellancla
1161 699 1248 800 diffi-

258 807 374 879 calcate
395 811 548 901 primaria
568 804 730 897 dependet,
755 808 801 875 itu
827 809 983 879 nmunullec
998 802 1109 899 ferte,
1132 807 1173 877 ab
1193 809 1249 879 lma

257 920 388 992 conatu,
421 904 562 1003 angusla
586 904 730 995 vulgarit
754 906 897 978 delinire
915 908 1039 975 muralis
1056 904 1250 1001 hypotheses,

257 1006 355 1076 etiam
381 1007 563 1090 retrabunt,
588 1002 844 1093 converantur,
870 1028 906 1075 ne
923 1054 935 1091 ,
951 1001 984 1093 su
1007 1003 1128 1096 largius
1152 1006 1250 1096 Jurit

260 1102 434 1175 Naturalis
454 1102 621 1173 delirinum
642 1099 820 1198 insinuent,
845 1123 971 1194 eamqpc
987 1102 1028 1170 nel
1034 1099 1185 1193 specialia
1200 1108 1252 1174 in·

248 1199 372 1299 flituta
390 1200 525 1271 bumana
545 1200 739 1288 extendent,
765 1202 884 1273 limites
909 1196 1067 1294 generalis
1086 1195 1252 1294 disciplina
1312 1240 1316 1247 ·
1337 1210 1351 1293 f

261 1300 354 1394 longe
368 1294 604 1391 tranſsliantur,
628 1320 666 1368 ae
681 1296 749 1389 Jus
767 1299 925 1371 Naturale
941 1320 1010 1370 cum
1027 1292 1255 1391 Jurispcuclen.

262 1399 311 1468 tia
329 1396 534 1489 particulari,
559 1410 614 1466 aut
621 1392 789 1491 speciatim
813 1421 882 1470 cum
892 1400 970 1494 sure
990 1396 1155 1484 Romano,
1180 1418 1253 1469 cort·

248 1491 434 1591 fundatur,
457 1518 524 1588 qua
541 1510 646 1566 tamen
671 1492 825 1589 persuasa
848 1497 930 1567 nulle
947 1490 1156 1590 fundamento
1177 1496 1254 1569 niti·

259 1606 323 1667 tur.
354 1593 424 1665 Ima
431 1590 537 1686 ficut,
560 1590 762 1688 crescentibus
781 1590 969 1688 disciplinis,
994 1593 1075 1663 alias
1088 1592 1254 1666 Pelantis·
1333 1634 1338 1642 1

260 1714 331 1763 enus
362 1690 448 1764 uelut
472 1689 612 1786 infilinri
636 1714 800 1784 carumque
826 1688 949 1787 cursem
984 1691 1131 1787 impedire
1146 1688 1250 1783 solet,

258 1792 309 1861 ita
333 1790 534 1863 dubitandum
562 1814 621 1861 nan
650 1791 801 1877 uidetur,
833 1796 906 1883 quin
929 1790 1034 1861 eadem
1047 1786 1129 1884 fata
1155 1790 1257 1883 Jnrit

261 1888 432 1960 Naturalis
443 1887 554 1986 slulio
571 1886 641 1982 snt
664 1888 842 1980 metuenda,
867 1888 903 1959 ule
922 1908 977 1981 qna
991 1903 1098 1959 tamen
1113 1891 1159 1959 uti
1176 1889 1256 1967 certi

261 1988 337 2084 qnid
356 1982 486 2079 asserere
509 2008 567 2058 nan
593 1988 684 2074 licet,
709 1988 759 2058 ita
781 1989 813 2060 in
822 1984 952 2083 summa
962 1981 1012 2077 stc
1033 1985 1161 2079 censeo:
1182 2009 1256 2071 eos,

261 2086 315 2178 qui
338 2100 441 2156 mente
462 2086 605 2178 pallent,
638 2107 676 2155 ar
707 2086 816 2177 quibus
837 2084 947 2182 slatus
969 2087 1095 2178 generis
1123 2081 1260 2155 humani

259 2184 411 2274 uariaque
435 2183 590 2254 lominum
615 2182 782 2279 instituta,
815 2204 855 2252 en
883 2178 1045 2275 disciplinis
1066 2178 1261 2275 specialibus

242 2277 315 2350 ''uel
329 2281 402 2349 aliis
418 2281 548 2365 inediis,
572 2284 794 2362 innotuerunt,
819 2281 870 2369 qui
888 2302 908 2347 a
916 2274 1012 2370 sellis
1029 2278 1144 2364 alieni,
1169 2279 1260 2372 prin·
1309 2285 1314 2292 “

247 2368 348 2469 'cipia
362 2373 485 2469 diuersa
504 2378 563 2447 rite
578 2375 794 2471 lislingnunt,
818 2395 856 2444 nc
871 2395 931 2444 nen
952 2366 1120 2463 nfisoliela
1135 2396 1174 2443 ac
1184 2392 1260 2468 per·

253 2470 288 2570 s
299 2474 370 2542 icua
381 2470 576 2568 scetantur,
598 2474 654 2563 qui
671 2493 730 2543 non
753 2492 795 2541 en·
809 2471 943 2541 alierum
957 2472 1062 2542 verbis
1076 2488 1257 2569 conceptus,

249 2493 315 2668 βᾶ
327 2594 371 2642 ee
395 2572 522 2666 propria
542 2569 716 2665 cognitione
740 2563 1012 2662 nerlafaemant,
1039 2591 1077 2639 ar
1090 2572 1149 2664 pai
1163 2570 1259 2645 nullis

242 2669 395 2740 anetburli
407 2669 567 2765 eujusdam
584 2668 740 2739 elimarit
755 2669 908 2763 occupati,
935 2682 1029 2762 prout
1042 2669 1151 2762 absoni
1170 2670 1260 2747 inclo-
1393 2730 1396 2743 .

260 2769 304 2840 lec
318 2768 440 2861 exigit,
464 2762 690 2862 cogitatasna,
713 2768 799 2838 mado
818 2767 921 2859 aliquo
933 2762 1091 2860 perspicua
1105 2760 1149 2859 &P
1164 2783 1257 2864 gratu

242 2881 450 2962 proponunt,
475 2888 539 2951 eas,
563 2866 712 2958 inquam,
737 2865 780 2936 nd
793 2862 1007 2961 insinuandum
1026 2866 1256 2937 exornandam·

261 2987 319 3060 pue
337 2963 434 3056 Jnris
452 2965 623 3037 Naturalis
643 2960 856 3059 disciplinam,
885 2963 1005 3059 aliquid
1023 2962 1166 3058 consuere
1186 2984 1256 3059 pos·

247 3065 321 3154 se:
352 3062 394 3132 ab
419 3064 460 3134 iis
477 3086 575 3149 nero,
600 3063 653 3156 qni
672 3066 759 3134 intra
777 3062 873 3144 sella
899 3061 1060 3156 cujusdam
1090 3060 1256 3164 angustius
1337 3111 1341 3116 -

242 3159 441 3258 'cmslt'tuti‚
466 3163 533 3257 qur
549 3156 759 3261 hypotheseos
782 3175 847 3232 tam
868 3159 1065 3248 daileinam„
1089 3170 1181 3254 'quam
1206 3184 1258 3234 er·
1378 3226 1381 3230 ,

262 3263 363 3331 clinem
388 3274 617 3353 attemperant,
642 3275 698 3336 aut
721 3263 773 3355 qui
790 3273 944 3355 purgatas
971 3258 1161 3335 moralitatis
1174 3254 1256 3351 son·

245 3371 330 3444 tes,
356 3377 396 3426 ex
425 3356 637 3459 Scholastica,
663 3361 786 3435 aliusue
804 3376 918 3452 parum
939 3354 1096 3451 defaecata
1120 3354 1258 3451 l’leilma·

260 3455 346 3551 pitia
375 3455 665 3545 lacunistutleant,
703 3461 757 3552 qui
780 3457 938 3551 principia
969 3450 1060 3550 Justt‘
1084 3446 1133 3532 'fit'
1158 3452 1258 3526 {letne

235 3554 249 3639 ,'
263 3548 472 3647 confundunt.
521 3554 683 3627 Naturam
699 3550 742 3639 &²
766 3554 1019 3636 Reueletiencm,
1033 3546 1168 3646 seura,
1186 3575 1260 3645 ,pua
1384 3595 1389 3605 ·

265 3653 407 3725 amnibus
438 3651 610 3723 luminibus
645 3653 819 3726 communia
844 3645 891 3731 ὅ
925 3647 1105 3743 Christianis
1128 3653 1260 3748 propria

254 3749 354 3851 fiunt,
377 3745 591 3846 commiscent,
619 3750 689 3841 nel,
715 3752 756 3821 iis
776 3748 869 3843 plane
886 3735 1053 3844 nrglellic,
1075 3770 1117 3822 cn
1133 3738 1185 3825 ¹his'
1204 3753 1259 3824 ab·
1314 3814 1317 3823 ,

264 3863 353 3939 rupte
375 3852 470 3924 nimis
484 3842 530 3932 ὕ
550 3847 708 3951 imperiose
725 3845 991 3944 philosophantur,
1015 3849 1056 3920 ab
1077 3848 1144 3940 iis,
1170 3847 1254 3937 elien,
1318 3907 1322 3916 .

263 3945 605 4047 nil,nistsluliitlusus
619 3948 862 4045 enrmptimem,
875 3947 1110 4046 respectandum
1118 3944 1184 4045 effe.
1212 3949 1256 4024 lu

252 4041 360 4145 speeie
385 4046 558 4122 eorumnll
574 4045 733 4144 confilium
759 4047 991 4139 veteomor,
1018 4068 1074 4142 que
1100 4046 1257 4122 metherius

238 4143 484 4223 ‘mathematice
499 4148 553 4223 nel
561 4149 770 4286 permenio?
783 4162 1017 4241 quammcant,
1028 4145 1257 4242 aiJurisNu·

778 4263 801 4319 2
983 4309 985 4313 .
1088 4304 1091 4311 .
1159 4263 1235 4319 itta:
