3000 5150
258 480 307 570 ⁹⁶
427 414 1077 549 sossreucnronrr.

248 651 475 750 ncheaduntur
497 653 530 720 ia
545 649 598 720 hoc
617 672 691 738 une,
720 650 800 742 quael
817 643 859 730 Θ
879 648 1031 721 Primum
1053 648 1246 747 statuimus,

253 754 349 845 Juris
371 750 537 819 Naturalis
557 762 727 839 praecepto,
753 748 861 816 Deua
882 745 937 841 ff
958 750 1129 820 colendum.

276 847 358 938 1ΙΙΙ.
384 848 435 917 Aes
459 847 592 916 niediata
614 867 685 914 oero
704 840 807 936 afficio
826 850 904 937 quoa
924 849 1064 925 attinet,
1098 871 1137 919 eo
1153 848 1246 941 scili·

250 963 314 1030 cet,
341 949 447 1037 quibus
472 965 529 1011 nan
558 943 732 1012 immediate
753 963 827 1034 ergo
851 944 987 1030 Deon,
1011 940 1074 1036 sed
1092 970 1175 1039 erga
1197 972 1244 1019 res

249 1058 394 1127 creatas,
423 1040 600 1134 prestitis,
635 1040 713 1109 irlcrn
737 1041 858 1109 elebitus
879 1065 956 1134 erga
975 1042 1085 1113 Druse
1109 1042 1242 1131 offellus

248 1139 438 1227 declaratur,
464 1162 565 1209 eorsnn
590 1138 719 1208 Sssrnrna
738 1140 772 1207 r'n
793 1139 845 1208 iroc
864 1142 985 1209 uidetur
1000 1138 1185 1233 confislere,
1208 1163 1242 1215 ut

274 1241 389 1331 uisque
420 1236 613 1306 [rainerium
642 1236 881 1305 Creatororum
918 1238 1136 1310 rationalium
1177 1241 1238 1335 Sy·

246 1263 383 1418 lema,
420 1330 685 1418 Benevolencia‚
722 1331 791 1403 Dm
824 1335 932 1404 amori
964 1333 1001 1406 &a
1033 1341 1239 1410 reverentiae

249 1432 484 1518 subordinate,
512 1429 749 1525 prosequacur;
783 1429 1002 1526 ejusdemque
1026 1433 1114 1504 adeo
1139 1455 1236 1506 corn·

248 1553 353 1601 mone
379 1530 538 1615 Bonum,
582 1525 874 1621 quousque'vises
907 1530 980 1622 ejus
1011 1531 1233 1626 pertingunt,

248 1648 353 1722 atque
386 1628 466 1698 illud
493 1622 632 1696 Divinae
666 1624 794 1695 Gloriae
823 1623 1033 1698 illustracioni
1066 1629 1236 1702 adversari

247 1750 318 1800 non
342 1726 445 1795 habet
458 1743 694 1815 compertum,
724 1742 868 1792 conetur
888 1747 1108 1817 promovere.
1145 1728 1235 1798 Creo·

247 1841 337 1896 tures
360 1839 463 1891 aretem
488 1819 688 1891 Rationales
710 1819 759 1891 hic
777 1821 922 1909 dicimus,
946 1847 1013 1916 qua
1027 1847 1087 1896 nou
1110 1841 1234 1895 taurum

248 1922 449 2015 qualicunque
470 1921 624 2011 cogitandi
638 1916 801 2009 facultate
829 1916 902 2001 sunt
927 1923 1085 2013 prodita,
1109 1920 1174 2016 sed
1192 1920 1235 2003 ὃ)

249 2043 307 2098 ea,
333 2020 420 2112 cujus
445 2020 522 2086 retia
539 2013 613 2107 usu,
638 2018 681 2084 al
703 2016 772 2084 Du1
807 2016 880 2111 Ope.
901 2019 998 2089 Mac
1013 2016 1137 2112 suaeqae
1160 2044 1234 2092 ner-

238 2114 300 2213 sus
325 2140 393 2188 eune
424 2116 660 2207 Obligationr's‚
699 2118 898 2207 coguitionem
921 2113 1035 2211 poffirrt
1060 2115 1226 2211 offurgere.

248 2215 313 2286 Ha
321 2213 360 2309 sc
383 2216 534 2307 peculiari
549 2213 677 2305 quoclanr
691 2214 775 2281 rrcoelo
796 2212 1010 2305 Creotorissai
1020 2230 1130 2307 gerunt
1147 2218 1229 2286 ima·

201 2343 203 2348 ·
245 2316 379 2410 ginens:
412 2315 443 2382 in
467 2312 536 2397 his,
567 2304 656 2390 &in
674 2312 782 2380 divina
803 2314 886 2380 circa
911 2314 966 2381 iras
991 2309 1230 2407 dispensatione,

244 2413 399 2505 precipue
424 2407 589 2503 elucescunt
610 2410 670 2479 ille
695 2408 763 2477 Del
785 2406 1005 2502 perfeliioues,
1040 2434 1171 2505 quorum
1196 2416 1232 2483 il·

248 2509 393 2596 luslrntio
413 2512 549 2577 omniran
574 2525 695 2595 operum
719 2508 893 2579 divinorum
921 2508 964 2598 cll
985 2504 1127 2602 scopus:
1158 2533 1233 2606 erga

247 2606 324 2693 iras,
349 2603 462 2698 effelio
473 2600 545 2696 sua
565 2604 721 2672 Bonitotis
743 2607 816 2674 adra
839 2608 929 2701 largo
948 2630 1042 2676 manu
1066 2607 1166 2680 Deus
1187 2614 1233 2680 eli·

237 2701 421 2797 sponsavit,
447 2720 501 2785 nt,
524 2699 591 2795 post
608 2700 694 2770 illam
705 2697 840 2795 suorum
854 2702 1079 2797 perseliiouum
1095 2706 1232 2802 illustro·

244 2801 376 2882 tionem,
400 2800 510 2867 harum
519 2798 730 2889 felicitatem,
748 2823 897 2894 quousque
910 2806 942 2872 iu
956 2803 1057 2873 delsita
1068 2826 1148 2898 erga
1164 2822 1229 2885 esna

158 2964 164 2984 ,
235 2894 486 2992 subordinatione
497 2894 532 2979 le
552 2913 717 2990 gererent,
737 2901 888 2992 precipue
904 2902 1048 2971 videatur
1062 2901 1232 2997 intendsse.

244 2996 332 3066 Sicut
354 2996 453 3087 igitur
471 3017 558 3064 orror
575 3017 650 3086 erga
668 2995 793 3067 Potrern
804 3039 816 3050 -
815 2995 967 3090 familias
980 2997 1171 3091 ostenditurl
1178 3023 1232 3095 per

243 3091 400 3188 ffeacern
428 3093 677 3165 Benevolents‘am
708 3118 784 3189 erga
818 3100 882 3190 ejus
909 3094 1115 3189 domestic053
1157 3101 1227 3186 ita,

243 3199 369 3268 elevatus
393 3215 469 3286 erga
493 3191 604 3263 Danu
627 3189 781 3286 offellus,
812 3199 861 3265 cui
884 3192 940 3286 tpst
967 3217 1021 3265 nec
1049 3195 1228 3288 benefacere

240 3291 396 3390 polluentes
424 3313 478 3361 nec
501 3314 625 3374 nocere,
651 3307 722 3384 apte
745 3293 936 3377 declaratur,
959 3314 1012 3385 per
1035 3295 1226 3366 Benevolen-

243 3397 322 3463 tr’aas
347 3385 389 3470 &⁹
413 3387 672 3482 Benefirentiaru,
704 3413 796 3480 quom
826 3413 965 3462 exercere
989 3411 1025 3483 pa
1052 3414 1141 3462 scmus
1163 3418 1229 3464 suc.

239 3494 361 3560 xirnans
394 3511 468 3580 erga
499 3491 566 3582 ejus
588 3503 746 3558 creaturas
770 3489 953 3570 rationales,
986 3512 1135 3582 quousque
1159 3494 1226 3586 ejus

237 3590 407 3679 farraginem
424 3601 554 3677 gerunt,
580 3589 662 3676 eique
676 3589 839 3656 contraria
856 3586 1007 3678 nonsunt.

255 3746 258 3752 .
289 3684 354 3755 IV.
381 3686 440 3754 Sed
462 3708 516 3776 quo
536 3688 658 3777 propius
678 3683 720 3753 od
740 3689 856 3779 procia
880 3687 1045 3756 dedsscatur
1067 3687 1130 3758 luec
1162 3688 1227 3761 Re·

238 3786 334 3877 gula,
361 3785 418 3851 cluo
431 3783 513 3874 sunt
532 3784 676 3853 notanda.

291 3881 422 3955 Primo,
448 3881 580 3950 Nullam
605 3885 752 3952 rationem
765 3880 921 3976 strodere,
944 3884 1000 3980 effe
1019 3886 1121 3967 allos,
1149 3903 1230 3976 proe·

240 3992 289 4049 ter
312 3975 389 4070 ipses
408 3979 560 4051 lronrines.
590 3997 752 4050 creaturas
774 3985 958 4068 sationales,
992 3985 1100 4075 quihus
1126 3981 1228 4052 horni-

237 4097 318 4166 ηεξ,
349 4077 420 4147 ullis
432 4073 504 4171 suis
521 4079 713 4169 unionibus,
749 4079 800 4155 net
822 4076 997 4176 sennocae
1023 4078 1146 4177 poffisut
1176 4081 1228 4153 vel

1175 4201 1229 4250 ue·
