3000 5150
238 486 286 547 22
443 462 636 538 Gorrt.
675 455 834 531 Gna-a.
873 454 1042 535 Trrrr

239 636 527 739 eipinm,§.19.
553 659 610 710 ao.
637 633 843 726 indicatum,
882 636 916 710 iu
942 632 1124 714 afferendis
1145 633 1226 734 legi·

239 746 302 816 bus
317 739 460 825 divinis,
486 738 726 812 recurrendum
748 735 810 809 est.
1221 733 1224 740 ’

236 911 238 918 ,
288 836 318 935 l.
344 844 405 927 5⁶·
439 836 528 936 Quae
548 836 590 908 de
608 833 675 929 fiae
703 830 852 907 diximus
873 832 904 930 ᾗ.
934 856 992 909 21.
1018 856 1074 910 aa.
1102 856 1164 927 23.
1192 832 1229 906 il·

238 937 271 1012 la
300 936 403 1009 etiarn
427 935 472 1007 tle
503 933 771 1030 Jurisprudentia
799 934 997 1019 Particulari
1018 956 1104 1007 vera
1127 935 1226 1021 sunt,

240 1035 346 1109 modo
364 1034 458 1128 iuxta
485 1029 584 1125 hujus
607 1031 796 1103 mensuram
815 1030 1057 1127 intelligantur.
1108 1028 1227 1103 Nimi-

241 1155 318 1205 tum
342 1130 549 1227 cognitionis
570 1130 685 1223 legum
708 1128 869 1200 Civilium
898 1128 976 1201 finis
997 1128 1067 1217 est,
1096 1128 1158 1225 (1)
1193 1147 1230 1200 ut

243 1231 300 1306 illa
316 1230 516 1326 cognitione
538 1247 691 1313 utamur,
717 1224 778 1320 (a)
804 1224 957 1299 aulones
975 1224 1106 1300 nostras
1132 1227 1166 1302 ei
1180 1247 1228 1299 at·

243 1350 497 1423 temperemus,
523 1345 623 1418 atque
647 1325 693 1393 ita
725 1326 785 1417 (3)
819 1323 1098 1421 tranquillitatem
1126 1344 1232 1399 certae

243 1425 455 1521 Reipublicae
479 1442 756 1515 promoveamus.

223 1557 225 1560 v
292 1522 323 1619 ᾗ.
349 1543 406 1612 57.
435 1524 585 1593 Ordinem
608 1516 886 1613 Jntisprudentiae
909 1517 1124 1593 Particularia
1141 1518 1232 1614 quod
1280 1526 1281 1531 ’

244 1629 383 1709 attinet,
402 1619 474 1713 ejus
491 1619 594 1690 etium
610 1619 685 1687 duae
702 1637 813 1709 partes
825 1674 833 1703 ,
844 1618 1074 1691 Praeliminaris
1088 1618 1234 1696 &Prin-

245 1719 377 1815 cipalir‚
409 1740 451 1789 ex
482 1711 617 1787 monito
644 1714 679 1810 l.
710 1738 767 1805 24.
801 1713 960 1787 constitui
983 1714 1131 1809 poliunt.
1197 1715 1236 1788 lu

246 1820 303 1890 illa
330 1834 443 1902 tamen
472 1808 596 1888 omnes'
617 1812 682 1884 illae
711 1837 784 1899 res,
810 1835 894 1909 quas
919 1810 949 1909 l.
979 1833 1035 1904 25.
1065 1810 1236 1887 memora·

247 1915 383 1996 vimus,
417 1913 550 2005 prolixe
574 1911 718 2005 proponi
746 1934 816 1982 non
845 1912 991 1992 debent.
1024 1913 1076 1985 sed
1101 1914 1236 2006 potius,

246 2012 457 2109 generalibus
475 2009 747 2103 praelupposnir,
774 2009 952 2105 specialia,
972 2008 995 2080 fi
1014 2034 1107 2106 quae,
1123 2010 1237 2106 quoad

247 2113 347 2194 illas,
385 2109 419 2179 in
449 2130 541 2195 certa
571 2108 679 2201 aliqua
714 2107 856 2180 civitate
887 2129 1089 2195 occurrunt,
1133 2109 1239 2181 addu-

248 2206 469 2291 medelum,
506 2206 588 2280 hinc
613 2206 765 2299 inprimis
793 2207 927 2300 legum,
954 2207 989 2285 in
1013 2208 1159 2282 civitate
1178 2228 1240 2276 va·

248 2307 409 2394 lentium,
442 2305 592 2380 indolem
621 2326 661 2376 ac
689 2323 873 2379 externum
904 2305 1058 2377 habiturn
1089 2300 1241 2401 persequi

248 2428 309 2502 par
332 2405 393 2479 est.
624 2425 625 2428 ’

293 2500 325 2600 ᾖ.
351 2510 409 2588 58.
436 2501 473 2569 ln
498 2498 676 2592 principali
702 2524 787 2575 vero
813 2522 909 2593 parte
929 2521 1171 2599 argumentum
1197 2501 1243 2573 le·

251 2623 335 2699 gum
351 2597 514 2668 Ciuilium
532 2597 685 2666 exhiheri
708 2597 827 2682 debet,
864 2597 901 2670 δι
924 2621 976 2675 eo·
995 2601 1134 2694 quidem
1153 2599 1244 2671 ordi·

255 2725 319 2787 ne,
344 2717 444 2792 quem
471 2693 501 2792 ᾗ
528 2699 592 2764 zoe
616 2711 677 2785 27.
698 2691 952 2786 indicavimus,
981 2722 1059 2770 nant
1078 2718 1245 2794 quantum

256 2796 332 2877 fieri
350 2789 487 2886 potest,
523 2792 612 2864 idem
638 2793 723 2874 ordo
751 2793 783 2864 ia
807 2794 1074 2888 Jurisprudentia
1096 2797 1248 2874 Univer-

257 2895 314 2970 sali
337 2892 376 2964 ἃ
406 2888 600 2963 Particulati
628 2888 852 2966 observandus
872 2894 951 2973 ella
992 2896 1120 2967 ordinis
1152 2895 1247 2969 enim

257 2991 386 3091 paritas
400 2989 631 3084 cognitionem
656 2987 694 3060 ot
711 2988 850 3062 facilem
870 2991 908 3065 &
925 2992 1060 3066 solidam
1077 2994 1198 3066 reddit.

261 3100 263 3105 '
306 3087 336 3186 ᾗ
364 3110 425 3177 59.
452 3087 593 3175 Propter
611 3088 843 3176 prolixitatem
867 3112 982 3163 tamen
1009 3091 1248 3188 Jutispruden·

261 3188 318 3265 tiae
346 3186 575 3281 particularis,
603 3183 732 3256 Publica
760 3187 797 3261 ἃ
822 3190 957 3262 Prluala
977 3189 1139 3283 separari,
1178 3192 1252 3265 imo

243 3285 302 3358 ⁴&
320 3284 394 3357 liaeo
415 3285 448 3354 in
462 3300 566 3377 partes
584 3286 638 3354 vel
654 3281 773 3378 specim
793 3287 939 3380 amplius
961 3287 1124 3385 distingui
1149 3287 1252 3375 solet,

261 3405 342 3461 cum
365 3382 600 3454 Universalem
622 3405 687 3452 una
704 3384 784 3454 serie
804 3408 996 3478 proponere
1014 3387 1123 3462 liceat.

314 3479 344 3577 §.
370 3488 429 3553 60.
464 3482 577 3552 Datur
599 3482 704 3552 etiam
730 3485 763 3558 iu
796 3485 994 3580 cognitione
1019 3486 1110 3583 Jutis
1135 3481 1255 3561 civilia

265 3581 376 3673 aliqua
398 3582 550 3652 certitudo
576 3579 758 3667 secandum
785 3606 845 3671 eu,
878 3605 953 3678 quae
981 3580 1010 3681 ᾗ.
1038 3593 1094 3663 28·
1124 3605 1255 3678 propo·

266 3678 404 3753 suimus.
456 3680 554 3749 Circa
573 3681 665 3775 leges
681 3678 846 3755 humanas
871 3683 957 3772 saepe
976 3685 1179 3776 probabilitas
1196 3679 1256 3754 l'rl

267 3797 338 3853 tem
359 3774 462 3847 adest.
512 3779 679 3855 Praeterea
711 3781 983 3868 observandum,
1017 3784 1131 3876 quod,
1167 3777 1191 3850 li
1220 3779 1257 3851 in

268 3876 379 3970 aliqua
397 3875 665 3972 civitateplures
685 3879 797 3983 leges,
823 3877 970 3970 antiquae
992 3877 1029 3951 ἃ
1047 3901 1166 3967 novae,
1193 3877 1257 3949 do·

268 3972 419 4047 mellicae
451 3973 486 4046 tlt
519 3995 705 4062 extraneae,
747 3974 976 4066 reperientur,
1014 3994 1258 4072 nonnunquam

267 4072 370 4152 dubia
395 4074 512 4148 critica
537 4071 574 4148 ὅι
598 4069 757 4148 historica
772 4093 971 4168 occurrant,
997 4098 1072 4173 quo
1090 4077 1132 4152 ad
1150 4072 1259 4168 ipsam

1143 4174 1262 4272 legum
