3000 5150
846 471 1958 546 surrzzuznruu
2052 451 2503 578 1v-.'503

503 633 862 723 chororum
895 668 1051 738 erga
1084 646 1278 734 hunc,
1331 644 1420 716 ad
1452 640 1941 738 posteriorem,
1989 670 2074 718 ex
2118 648 2351 724 duabus
2364 655 2492 744 su-

495 767 620 842 pra
681 732 1070 837 magmatis,
1140 723 1758 838 videtagtpsstinere.
1861 743 2182 840 obligatio
2231 769 2375 820 vero
2404 750 2497 827 ad

503 841 960 917 Divifionem·
999 842 1451 917 odwin-endam
1478 893 1499 926 ,
1568 866 1701 935 quae
1757 866 1839 915 ex
1893 837 2029 940 ipstz
2075 850 2489 923 communione

499 946 626 1016 rei.
679 941 1079 1014 communiter
1113 940 1327 1009 haberi
1360 942 1566 1008 minus
1595 954 1799 1033 aptae,
1842 937 2050 1037 perse
2098 944 2339 1031 oritur,
2378 966 2491 1045 pe.

498 1044 793 1114 culiarem
830 1039 1077 1108 videtur
1113 1038 1373 1107 indolem
1389 1033 1638 1129 sortiri.

601 1138 687 1210 X.
743 1136 1174 1229 obligationes
1208 1135 1456 1226 denique
1477 1132 1762 1205 alterum
1797 1148 2072 1210 tenentes
2102 1138 2188 1213 ab
2213 1159 2342 1230 e0,
2363 1163 2487 1235 pet

501 1259 702 1332 quem
742 1234 888 1305 sunt
946 1230 1324 1304 contrafikae
1355 1284 1374 1317 ‚
1444 1230 1567 1324 (de
1600 1235 1817 1325 quibus
1862 1238 2083 1329 agitur
2142 1235 2301 1310 Inst.
2370 1238 2489 1317 lib.

496 1334 628 1405 IV.
693 1331 792 1403 tit.
849 1329 980 1426 71)
1027 1354 1321 1425 quousque
1333 1326 1493 1423 sunt
1525 1329 1720 1422 Juris
1749 1332 2127 1421 Naturalis,
2179 1334 2486 1431 resolven-

499 1435 591 1505 dae
660 1447 813 1514 unt,
860 1431 966 1500 vel
1003 1432 1068 1500 in
1112 1451 1352 1502 verum
1384 1427 1869 1517 Contrastum,
1909 1428 1978 1523 si
2011 1434 2175 1506 alter
2222 1437 2487 1507 alterius

488 1530 567 1625 ju
632 1553 673 1600 u
727 1522 812 1609 δέ)
850 1528 1131 1599 nomine
1175 1528 1559 1598 contraxerit
1576 1550 1601 1611 ,·
1655 1528 1808 1614 vel,
1841 1525 1911 1619 st
1937 1525 2159 1623 ficus,
2225 1534 2290 1603 in
2332 1555 2485 1605 cau-

477 1627 632 1724 sam
675 1624 1140 1720 Negotiorum
1178 1620 1572 1717 gestorum:
1624 1620 1973 1719 nifi'forte,
2028 1629 2091 1698 in
2117 1630 2485 1724 quibusdam

498 1723 734 1820 casibus
757 1778 777 1810 ,
849 1723 1108 1794 dicende
1142 1719 1273 1813 sim
1316 1723 1521 1814 potius
1565 1723 1851 1795 indireble
1898 1738 2141 1797 tantum
2187 1725 2481 1822 respicere

497 1847 635 1897 eum
661 1878 678 1908 ,
718 1844 971 1915 quocum
1012 1821 1174 1891 alter
1206 1822 1570 1903 contraxit3
1622 1835 1921 1914 quatenus
1964 1825 2059 1907 is,
2089 1827 2196 1918 qui
2265 1825 2481 1898 ultimo

493 1923 813 2016 obligatur
841 1974 860 2007 ‚
906 1918 1209 2002 alterum,
1254 1936 1368 2009 per
1407 1939 1583 2010 quem
1638 1919 1931 2014 obligatio
1967 1926 2283 1996 contrabla
2339 1922 2472 2017 est,

492 2035 767 2102 tenetur,
833 2041 916 2089 ex
963 2012 1148 2109 causa
1180 2013 1544 2105 Mandati,
1595 2016 1698 2088 vel
1746 2016 2218 2114 Negotiorum
2253 2019 2479 2116 gesto-

493 2140 687 2208 rum,
737 2117 1079 2188 indemnem
1130 2112 1397 2187 reddere.
