3000 5150
489 445 979 526 PRAEFATIQ
1211 466 1241 549 7

247 628 403 700 truilntur
415 651 430 715 ,⁰
451 624 617 725 sequitur,
650 638 685 697 ut
709 626 807 721 nostri
829 631 911 701 circa
937 652 1007 702 eunr
1036 627 1233 705 excolendum

247 725 299 799 iric
327 726 452 827 impenst
477 730 594 801 falaris
617 725 755 818 aliquam
789 726 912 800 Leuni
939 731 1090 802 tutionem
1125 733 1233 804 redda-

246 845 328 894 mus.
1253 849 1255 852 ·

300 921 347 993 Ut
364 924 477 1023 nostris
496 922 680 995 Scotorum
704 921 883 1003 Anuu’trniis
897 923 1078 1016 jamdudum
1088 922 1159 1024 fait
1179 952 1232 1002 cu·

245 1045 289 1093 rer
314 1022 484 1117 (quicquid
508 1020 645 1092 nonnulli
675 1019 730 1115 (⁸)
752 1021 789 1091 de
812 1027 904 1092 rebus
915 1017 978 1110 fibi
998 1040 1109 1113 purum
1129 1029 1232 1121 unpfu·

245 1120 326 1189 rutt'r
341 1138 456 1193 tenuere
470 1119 779 1213 pronuntiaverint.)
833 1118 1039 1211 Singulorum
1059 1119 1234 1216 disciplina.

244 1238 316 1285 rnna
331 1213 527 1311 puriores&
538 1213 749 1309 facundiorer
771 1218 882 1288 larices
896 1216 1036 1287 alumnis
1040 1216 1113 1311 suis
1128 1224 1233 1314 propi·

241 1334 341 1392 nure:
366 1315 423 1386 Itu
447 1315 523 1385 tnilri
554 1315 733 1409 Spartam,
759 1338 853 1407 quum
873 1315 983 1385 nauus
1002 1338 1109 1401 erum,
1136 1319 1237 1410 quood

243 1439 318 1487 meu
341 1412 439 1507 ferret
461 1414 619 1503 tenuitas,
659 1434 808 1486 mutitare
833 1414 968 1501 nitenti,
999 1416 1235 1508 cumpluribus

1178 1516 1235 1588 ab·

283 1722 342 1801 (⁶)
359 1724 444 1785 Noto
459 1720 587 1798 inprimis
602 1718 848 1797 ingeninfrfiinrunr
855 1721 1009 1791 Virum&
1025 1722 1061 1782 de
1073 1720 1168 1784 Patria
1184 1723 1233 1787 fut

243 1802 341 1864 multis
356 1801 518 1861 nominibus
533 1800 649 1873 egregie
658 1798 979 1864 meritum.iiicberdurn
986 1801 1070 1863 Steei.
1080 1801 1231 1878 Equitem,

244 1883 295 1953 qul
312 1884 340 1937 in
350 1878 475 1955 Epistola
490 1879 701 1949 nuncupatoria
714 1877 863 1947 adl'anarn
878 1877 1035 1937 uenenum
1049 1878 1101 1937 Xl.
1119 1878 1232 1952 prante
1336 1884 1339 1892 '

277 1960 358 2015 uitia
374 1955 466 2013 Status
483 1954 635 2031 Religionis
647 1953 937 2023 innumerorum,
958 1973 976 2012 ιι
997 1954 1025 2013 fe
1047 1954 1131 2013 editu
1153 1953 1233 2015 baud

245 2051 266 2094 n
289 2035 366 2093 fcure
381 2033 488 2100 innuit,
508 2034 536 2089 in
552 2030 713 2091 academiis
733 2030 879 2091 Scutr'cunis
901 2030 1031 2106 religiose
1049 2030 1181 2090 abstineri
1196 2034 1235 2092 ab

246 2115 326 2168 omni
341 2110 447 2170 Verum
462 2110 582 2181 penitius
598 2106 803 2180 inuestigandi,
822 2123 872 2166 aut
891 2108 1041 2167 ulteriores
1061 2110 1088 2165 in
1104 2106 1245 2167 scientiis·

246 2185 403 2261 progrefiur
419 2184 557 2252 faciendi,
578 2185 770 2250 conatu;iroc
784 2184 845 2241 folo
859 2180 948 2242 fretus
964 2185 1238 2261 argumento‚quod

249 2277 326 2321 certa
346 2261 398 2319 fint
419 2260 456 2318 de
471 2262 649 2332 grauioribus
671 2260 834 2331 Religionir
856 2261 984 2317 articulir
1006 2261 1156 2331 dogmata,
1176 2263 1238 2334 qui·

248 2341 305 2398 bus
319 2350 348 2397 ut
363 2337 528 2404 assentiunt,
550 2334 709 2410 postulatur
723 2336 827 2403 abiis,
842 2336 892 2406 qni
916 2337 946 2392 in
962 2334 1093 2395 Ecclefils
1109 2336 1154 2393 vei
1169 2338 1243 2395 Aca·

247 2415 352 2474 demiis
374 2412 476 2471 nolitis
498 2413 533 2469 ad
561 2409 695 2468 docendi
713 2425 814 2469 rnunur
839 2409 1038 2471 admittuntur.
1083 2410 1240 2473 Enimuero

245 2510 299 2568 per
314 2494 374 2551 baec
397 2488 505 2547 nullum
529 2502 656 2562 unquam
680 2488 819 2544 bonarum
836 2490 937 2546 arrinrn
951 2486 1107 2563 progressui
1127 2489 1241 2550 obicem

245 2566 367 2645 politum
389 2583 445 2625 nor
464 2563 656 2633 offendimus,
682 2577 733 2623 aut
753 2565 824 2638 poni
843 2563 922 2639 poue
941 2581 1065 2641 unquam
1091 2564 1241 2644 fufpicabi·

244 2663 322 2714 rnur;
338 2642 389 2703 nili
412 2643 488 2702 forte
510 2644 575 2719 quis
596 2642 730 2708 evicerit.
756 2642 792 2699 ad
819 2641 917 2702 felices
937 2644 966 2703 in
990 2644 1048 2702 verl
1071 2646 1240 2717 cognitione

243 2721 403 2799 progressus
432 2719 597 2785 faciendos,
618 2718 647 2776 id
670 2719 801 2794 inprimis
824 2718 1013 2789 conducere,
1031 2732 1072 2779 nt
1095 2722 1165 2780 nibil
1186 2739 1236 2782 un·

244 2816 330 2876 quam
350 2797 440 2864 certi,
461 2796 530 2854 nibil
548 2793 723 2864 indubitati,
742 2811 779 2853 ne
794 2795 912 2871 quidem
927 2798 956 2857 iu
980 2797 1093 2857 rnanirni
1108 2815 1236 2861 monten-

245 2878 383 2940 tirebus‚
403 2873 575 2938 habeamur:
599 2884 646 2940 ut,
665 2888 726 2948 qua
740 2889 776 2930 ex
797 2875 880 2933 faerir
897 2873 1037 2943 oraculis,
1057 2888 1106 2934 aut
1121 2876 1178 2953 ipfa
1193 2895 1237 2937 re-

244 2970 307 3014 rum
330 2964 431 3010 nutura
453 2947 658 3009 evidentiffime
674 2949 815 3023 perspecta
835 2951 992 3018 brbernus.
1011 2967 1112 3012 eorum
1132 2955 1237 3014 verita·

245 3043 303 3090 tem
320 3027 366 3089 vei
382 3025 430 3103 ipfi
448 3028 609 3086 indubium
626 3043 777 3095 vocemus,
801 3027 848 3087 rel
868 3042 899 3088 ut
924 3027 1030 3088 Posteri
1046 3045 1111 3089 eam
1131 3035 1237 3092 errori·

244 3105 359 3168 nebulis
371 3119 455 3180 quarn
475 3106 592 3162 minime
615 3104 766 3162 obduiiant
787 3121 921 3176 cernunt,
940 3120 1079 3181 qnantum
1100 3108 1129 3166 in
1151 3112 1236 3171 nobiu

244 3183 304 3248 eli.
319 3179 431 3242 efficere
445 3196 605 3241 vereamur.
625 3183 691 3244 Nor
729 3182 824 3241 uident
838 3182 896 3240 falli
919 3183 1061 3256 poffunrur
1075 3226 1083 3249 ,
1099 3200 1155 3243 nec
1169 3203 1237 3245 raro

244 3259 386 3318 fallimur:
406 3271 435 3316 at
447 3258 547 3317 fcimns
564 3257 652 3320 iidem
667 3199 747 3334 noge
763 3260 818 3318 elie
830 3261 950 3332 judicii,
967 3277 1026 3334 quo
1038 3261 1104 3334 quir
1119 3263 1237 3320 eviden-

245 3351 293 3396 ter
308 3334 454 3410 perfpefllr
467 3335 631 3406 affentitur,
651 3350 760 3395 certam
784 3340 953 3402 veritatem,
972 3341 1025 3395 aba
1049 3353 1138 3394 neco
1158 3339 1239 3410 quod

243 3411 377 3488 iudicans
397 3412 433 3468 ab
454 3414 530 3470 omni
550 3414 722 3488 ceteroquin
747 3416 851 3473 erroris
874 3412 1005 3491 periculo
1026 3353 1066 3470 (bt
1091 3412 1241 3476 imntmirr
1287 3415 1291 3421 '

245 3507 302 3550 nec
317 3489 385 3564 quia
405 3501 457 3560 per
481 3486 607 3547 fomnurn
631 3491 688 3549 rifa
710 3488 868 3562 fortiuscule
889 3490 973 3550 nobis
994 3485 1136 3557 illudunt,
1156 3487 1239 3564 ideo,

246 3583 312 3646 qum
333 3563 486 3640 vigilanter
511 3581 607 3624 coram
629 3566 795 3631 intuemur,
822 3565 968 3641 &digitis
1009 3563 1178 3640 palpamus,
1205 3584 1240 3630 ea

245 3641 413 3708 evidentia,
434 3655 497 3713 qua
519 3657 573 3713 per
595 3641 687 3700 fenfue
708 3654 838 3702 externos
864 3655 1017 3715 acceptor
1042 3641 1242 3707 somniantium

245 3720 491 3798 phantasmatibus
506 3715 593 3776 facile
607 3715 771 3788 distinguit.
790 3736 846 3795 pro
869 3719 963 3778 dubiis
981 3731 1029 3778 aut
1046 3717 1119 3779 fallis
1134 3721 1240 3782 baben·

246 3801 282 3858 dr
300 3797 356 3857 efle
378 3794 558 3870 fufpicanrur.
595 3795 655 3876 Qui
678 3807 783 3852 certam
806 3798 865 3855 veri
886 3796 1063 3867 boeotiam,
1090 3795 1185 3875 &Jua
1207 3800 1236 3864 el

245 3873 431 3934 conformiter
445 3871 564 3946 agendi,
587 3871 645 3931 fine
660 3870 805 3932 infallibili
831 3874 928 3946 judice
943 3876 1069 3939 obtineri
1085 3891 1145 3936 uun
1157 3871 1236 3954 βοῶ

243 3950 438 4022 mutinum,
460 3947 592 4024 videant,
615 3947 667 4029 tpu
683 3951 730 4010 cui
743 3948 833 4010 eausa
848 3951 979 4013 serviant.

717 4061 866 4137 0002
