3000 5150
507 480 634 554 Liri.
672 477 702 550 1.
770 476 964 554 Curti.
1188 499 1237 571 15

243 658 319 759 Qui
349 678 444 731 error
469 656 676 731 Vrilcrnrtis
714 653 785 751 (a)
819 655 901 728 solet
935 654 1096 750 appellari
1128 653 1146 754 (
1183 658 1229 753 ),

245 757 385 851 quando
410 756 507 850 quis,
534 755 687 826 adhibita
709 753 955 826 attentione&
977 756 1151 851 diligentia
1171 759 1230 831 de·

247 858 339 942 bita,
367 879 492 927 cavere
507 872 662 948 poterat,
688 875 733 923 ne
749 855 785 922 iu
801 873 879 922 eutii
896 852 1068 925 incideret.
1111 857 1232 928 lllviir·

248 976 374 1027 eruitis
396 973 542 1039 autem,
568 949 703 1046 quando
721 950 816 1044 quis,
844 954 946 1021 etiam
970 950 1116 1025 adliibita
1139 954 1234 1027 omni

246 1053 438 1148 diligentia,
466 1074 569 1145 quain
595 1050 674 1120 vitae
695 1052 891 1120 communis
914 1045 1002 1121 ratio
1027 1047 1109 1136 lert,
1134 1050 1235 1124 istum

242 1152 377 1223 evitare
399 1173 470 1221 non
490 1167 630 1243 poterat.
685 1147 807 1248 Qualis
826 1170 922 1219 error
944 1166 1059 1219 tamen
1086 1146 1150 1242 (c)
1177 1150 1237 1221 sal·

243 1270 318 1321 terii
343 1253 431 1319 inter
457 1270 537 1328 eos,
563 1245 655 1343 queis
679 1243 822 1317 rationis
844 1247 963 1318 lumen
992 1246 1173 1335 excolere,
1200 1245 1240 1319 ἃ
1339 1247 1342 1263 '

243 1348 354 1418 vitain
371 1349 411 1418 ad
429 1344 640 1417 lionellatem
658 1364 875 1436 componere
890 1343 987 1414 cordi
1004 1342 1055 1414 eil
1078 1345 1149 1438 (d),
1169 1366 1241 1418 noir

249 1447 344 1517 eirca
371 1444 565 1515 communia
588 1442 731 1516 vivendi
759 1463 953 1535 praecepta,
985 1441 1039 1513 sed
1073 1444 1241 1515 duntaxat

249 1544 342 1616 circa
363 1541 538 1639 singularia
560 1543 700 1639 negotia
725 1540 793 1639 (r)
819 1540 970 1614 incidere
985 1541 1105 1613 suevit.
1141 1543 1241 1613 Nam

247 1641 285 1715 ἅ
311 1642 470 1714 naturalis
491 1640 576 1736 juris
608 1660 785 1734 praecepta
817 1638 991 1737 generalia
1020 1641 1119 1733 plana
1143 1639 1237 1712 l'unt:

246 1740 284 1812 dt
301 1744 356 1835 qui
377 1740 469 1835 leges
486 1738 650 1832 positivus
668 1735 756 1824 fert,
782 1738 815 1810 id
832 1758 910 1811 ante
928 1737 1045 1809 omnia
1068 1762 1169 1835 agere
1188 1739 1239 1812 so.-

247 1841 294 1911 lei
318 1838 355 1910 dr
373 1839 498 1925 debet,
528 1856 565 1907 ut
590 1837 656 1909 illae
677 1834 832 1929 subjediis
855 1836 1078 1910 innotescant.
1133 1836 1238 1910 Unde

247 1938 333 2009 citra
360 1937 512 2027 lupinam
539 1936 782 2033 negligentiam
815 1936 890 2008 heic
914 1958 1010 2008 error
1039 1959 1108 2009 non
1131 1936 1240 2008 nasci·

247 2057 315 2108 tur.
366 2034 431 2106 Sed
452 2037 485 2106 in
507 2031 726 2130 singularibus
748 2034 897 2129 negotiis
914 2030 1016 2105 facile
1035 2032 1105 2121 est,
1134 2055 1170 2105 ut
1187 2057 1239 2105 er·

248 2158 306 2205 ror
334 2134 445 2206 invito
471 2130 510 2205 dr
536 2154 659 2226 praeier
685 2132 823 2223 culpam
850 2133 993 2224 obrepat
1026 2136 1120 2204 circa
1147 2131 1244 2226 obje-

254 2232 369 2319 dlum,
397 2235 543 2325 aliasque
560 2230 708 2301 aelionis
728 2228 999 2300 circumstantias
1026 2227 1043 2323 l
1044 2229 1074 2323 f
1078 2230 1108 2326 )

1173 2323 1246 2400 till.

286 2445 341 2506 (a)
359 2448 434 2494 Error
447 2444 580 2507 Wnri'ii'li's]
595 2447 673 2493 Error
687 2446 737 2492 viri·
772 2446 831 2494 sona
843 2443 896 2500 ejus
906 2444 1052 2494 condiiionis
1065 2448 1105 2505 ur,
1125 2450 1156 2496 'ut
1171 2451 1202 2498 ab
1216 2461 1246 2499 ea

252 2512 325 2557 ellllls
345 2511 416 2558 latiur
442 2515 484 2557 vel
509 2509 612 2557 illicitus
635 2508 737 2567 intelligi
771 2509 897 2558 scientiam
914 2509 974 2565 iuris
990 2510 1064 2568 rigide
1081 2511 1179 2570 exigere
1194 2517 1245 2560 ndu

249 2575 356 2632 potest,
378 2572 446 2629 juxta
471 2571 651 2621 dillliicllonein
674 2586 734 2632 pro·
768 2573 920 2629 conveniat)
946 2577 1150 2632 quemadmodum
1173 2580 1244 2626 error

248 2640 372 2697 politam,
394 2638 424 2683 ad
439 2639 460 2699 §.
475 2651 498 2696 4.
515 2641 530 2683 l.
543 2653 562 2684 o.
580 2648 655 2694 prout
668 2636 732 2682 veri·
764 2635 843 2696 saell,
859 2637 1001 2694 potiliimum
1012 2639 1126 2700 proprii,
1141 2641 1245 2690 vincibi-

249 2712 285 2748 tas
306 2700 342 2746 iili
360 2703 439 2746 errori
460 2700 584 2759 opposita,
607 2712 647 2747 aut
668 2702 730 2746 rntlo
763 2700 804 2748 lis.
821 2700 896 2748 inniti.

247 2764 332 2811 saliem
347 2761 464 2818 iudicium
475 2763 653 2822 suspendend13
663 2763 731 2821 prio·
794 2761 844 2824 (d)
861 2764 928 2810 Cordi
938 2763 983 2826 esi]
1002 2763 1108 2823 Malim,
1123 2769 1189 2825 quud
1206 2767 1245 2815 lr'lc

246 2840 275 2874 re
288 2839 378 2874 tantum
389 2830 430 2874 vel
441 2827 514 2874 etiam
529 2827 666 2884 posteriore
678 2825 731 2872 sen·
766 2827 873 2887 dicitur,
897 2828 1020 2886 restringi,
1048 2842 1073 2876 ut
1092 2830 1116 2876 in
1138 2832 1150 2892 §
1175 2845 1197 2890 4.
1214 2832 1245 2878 id

249 2890 291 2949 su,
308 2890 341 2936 ibi
358 2892 505 2949 explicito,
523 2890 669 2949 supponitur
683 2889 730 2936 esse
763 2904 808 2938 eos
824 2891 865 2948 qui
883 2889 937 2938 sunt
952 2904 1042 2939 aarum
1057 2905 1123 2939 aeraie
1139 2895 1244 2942 &atriu

248 2954 428 3012 cognoscibilis.
460 2955 544 3000 Errori
560 2966 642 3000 auteur
659 2953 729 3000 latio·
764 2958 866 3016 integra.-
888 2968 959 3014 nam,
982 2956 1117 3003 licui'vel
1138 2958 1245 3006 maxime

248 3030 276 3063 re
291 3016 360 3065 sensu
375 3018 501 3068 vincibili.
524 3017 665 3064 immediate
684 3030 729 3075 op·
763 3031 813 3072 non
829 3020 854 3064 lit
874 3021 961 3077 cordi,
982 3019 1083 3068 rationis
1101 3024 1185 3068 lumen
1200 3026 1247 3068 eir·

247 3082 348 3139 ponitur
358 3093 428 3128 error·
439 3080 557 3128 liricilnre
569 3081 639 3127 sensu
649 3079 730 3126 invin·
765 3083 870 3140 colere,
895 3084 918 3129 ὰ
943 3084 1017 3130 vitum
1041 3083 1070 3128 ad
1093 3085 1246 3131 honestatem

248 3143 346 3199 cibilist
362 3145 419 3192 ficut
430 3145 508 3192 errori
526 3144 644 3190 ilrit‘llore
659 3143 731 3190 sensu
763 3158 933 3201 componeret
960 3159 1011 3192 nun
1031 3145 1088 3192 itleo
1106 3146 1201 3206 minus,
1219 3160 1247 3195 ut

250 3207 374 3261 vineiblll‚
392 3222 463 3254 error
478 3208 548 3255 latiur
559 3205 731 3256 dicirrsinvin-
762 3208 913 3266 vincibiles,
927 3209 962 3255 illi
978 3209 1128 3266 impunitior
1139 3214 1248 3269 errores,

251 3270 341 3316 ciliilis.
355 3271 486 3318 Cauniicu.
764 3284 828 3329 quos
844 3271 910 3318 circa
925 3270 1033 3320 officium
1051 3271 1164 3320 admittit.
1178 3275 1249 3320 CAR·

286 3330 343 3390 (b)
358 3333 403 3392 Qui
416 3350 481 3379 mor
497 3334 607 3380 vincibilis
618 3336 674 3392 solu
692 3345 731 3392 ap·
766 3348 841 3382 Mlcrl.

246 3392 351 3458 pelisii]
371 3397 404 3441 Eo
416 3395 537 3449 pertineat
551 3399 681 3445 divisiones
695 3410 734 3443 cr·
794 3397 840 3458 (a)
856 3399 922 3443 Circa
934 3396 1059 3457 singularia
1075 3394 1175 3457 negotia]
1195 3397 1251 3444 clr-

251 3457 334 3511 roris;
352 3457 395 3517 (l)
411 3459 437 3504 ln
455 3460 577 3505 vincibilem
599 3460 623 3507 δ’
639 3462 735 3507 hainri-
768 3475 796 3507 ci
812 3460 939 3516 singularia
957 3456 1040 3515 insta,
1063 3458 1137 3504 facile
1154 3460 1252 3508 contin.

250 3525 326 3579 bilem,
346 3520 391 3580 (2)
407 3521 475 3583 Juiir
487 3521 590 3580 dimi,
603 3534 675 3579 qnam
687 3525 736 3569 llu-
767 3537 826 3581 gere
841 3523 920 3580 potest
936 3534 1023 3577 error,
1040 3520 1160 3569 strictiore
1178 3524 1251 3574 sensu

250 3585 307 3632 dior
325 3584 447 3640 implicite
465 3583 597 3643 proponit,
615 3597 690 3644 nani,
705 3598 736 3632 ert
767 3584 931 3633 invincibilis:
953 3583 1043 3630 latiore
1061 3597 1142 3633 autem
1160 3587 1251 3650 sensu,

249 3649 286 3696 liis
315 3647 369 3694 fere
395 3645 602 3702 circumstantiis,
631 3650 736 3706 erroris,
768 3648 912 3699 continuere
940 3647 1020 3706 potest
1042 3649 1139 3706 multis,
1174 3654 1250 3701 etlam

252 3712 335 3770 quoad
345 3709 552 3769 imputationem,
564 3707 667 3758 effeetus
677 3708 737 3758 relli-
768 3713 834 3758 circa
853 3710 996 3768 specialiora
1010 3715 1078 3771 (non
1098 3726 1169 3769 :caue
1184 3716 1249 3765 circa

251 3778 354 3823 mundus
370 3775 411 3823 est.
428 3775 528 3822 Titius.
766 3776 935 3834 generaliora)
959 3777 1027 3833 Legts
1043 3777 1158 3826 naturalis
1184 3782 1248 3836 prk.

283 3837 335 3898 (r)
353 3840 432 3902 Qualis
453 3853 518 3884 mor
542 3834 637 3896 lameri]
660 3836 735 3885 Erro·
767 3851 862 3896 cepta;
892 3851 918 3885 ut
944 3840 966 3886 dr
991 3839 1058 3887 circa
1079 3845 1245 3897 quorumlibet

251 3914 305 3948 reru
317 3901 376 3957 juris
392 3901 486 3950 Auctor
500 3913 568 3959 putat
589 3903 636 3949 elle
654 3902 733 3950 vinci·
765 3913 947 3962 praceptorum
973 3904 1184 3962 applicationem,
1213 3909 1244 3957 td

253 3964 348 4022 bilem,
382 3966 422 4012 sed
449 3964 505 4013 faeti
534 3965 730 4026 invincibilem,
764 3967 1001 4028 particularer‚qul
1014 3968 1120 4028 supponi
1132 3969 1242 4036 poliunt,

251 4041 308 4085 quie
323 4028 432 4076 doe'trlua
444 4029 586 4085 regulariter
600 4031 730 4077 admitten·
763 4032 842 4081 caius.
861 4033 937 4079 lutri.

249 4094 284 4139 da
300 4091 352 4150 est,
367 4104 421 4140 nam
439 4094 568 4150 aliquando
586 4106 659 4142 error
670 4090 730 4150 juris
795 4094 847 4156 (s)
861 4098 968 4159 Anaeiqirr
987 4096 1078 4144 amari
1098 4098 1242 4159 rina-stau·

249 4155 347 4214 poterit
358 4157 405 4213 ell'e
423 4154 569 4204 liirlnclliilir
586 4158 620 4218 (u
635 4159 729 4206 scilicet
761 4157 1242 4225 ilar]Circumllrnrlaerecenierlsolent

244 4218 288 4284 jur
300 4218 452 4284 flutultoe&
465 4219 610 4286 commum,
623 4234 729 4286 tutprr·
759 4221 1072 4290 monumemtum,
1169 4287 1241 4349 w,
