3000 5150
321 461 607 567 GOTTL.
665 452 907 559 GERH.
959 461 1162 567 TITII
1300 345 1305 359 ‘

242 668 1238 885 ruouuoomunu

300 1043 365 1125 De
394 1035 548 1122 Habitu
574 1034 631 1136 &²
662 1032 856 1115 Contenta
885 1031 1189 1144 Disciplinarum

616 1170 847 1261 Moralium.

692 1398 724 1500 t.
755 1424 788 1479 1.

289 1616 356 1691 llud
382 1638 428 1693 ert
453 1611 654 1688 conditione
674 1610 812 1709 generis
835 1612 976 1688 humani
994 1613 1097 1690 facile
1111 1617 1238 1713 liquet,

308 1715 465 1790 homines
486 1734 556 1787 non
579 1734 646 1805 pro
669 1712 766 1786 libitu
794 1709 853 1784 suo
874 1710 1030 1787 artiones
1048 1715 1121 1788 suas
1143 1714 1238 1789 insti·

246 1837 343 1890 tuere
370 1811 493 1908 pone,
539 1810 595 1884 sed
630 1810 755 1884 debere
788 1809 907 1905 utique
934 1834 1107 1906 praecepta
1143 1836 1237 1911 quae.

243 1915 346 2000 dam,
372 1911 429 1986 vel
452 1908 604 2005 regulas,
632 1928 797 2005 tanquam
821 1908 944 2002 agendi
968 1932 1146 2003 normam,
1174 1916 1237 1987 ob.

244 2014 398 2097 servare,
437 2006 602 2106 siquidem
632 2010 741 2082 vitam
770 2007 943 2095 feliciter,
981 2013 1166 2091 commode
1198 2010 1239 2089 ἃ

244 2132 366 2184 ornate
383 2107 657 2201 velintenigere.
1222 2170 1228 2181 .

291 2209 321 2303 ᾗ.
351 2227 383 2278 a.
412 2206 474 2277 Uti
505 2226 620 2276 autern
654 2203 848 2299 regularum
876 2203 1016 2280 istarum
1043 2229 1167 2301 magna
1190 2204 1242 2279 est

248 2308 416 2388 varietas,
445 2324 510 2374 nec
536 2321 653 2373 curata
669 2301 876 2393 singularum
899 2303 1086 2393 explicatio
1109 2305 1165 2375 sua
1183 2304 1241 2375 de·

248 2402 395 2475 stituitur
414 2397 614 2470 difficultate
623 2448 637 2486 ,
672 2399 719 2470 ita
740 2416 863 2467 omnes
884 2396 956 2472 ilias
981 2421 1064 2493 apte
1087 2401 1121 2473 in
1146 2399 1244 2481 disci.
1363 2465 1366 2498 =

245 2502 356 2597 plinus
378 2498 556 2594 digerere,
591 2494 742 2591 hasque,
778 2492 968 2575 constitutis
998 2499 1101 2573 certis
1123 2498 1244 2573 limiti·

244 2603 325 2683 bus,
366 2614 529 2668 accurate
554 2593 644 2691 inter
669 2595 703 2667 se
727 2590 958 2687 distinguere,
990 2594 1068 2668 satis
1096 2598 1242 2675 arduum

243 2699 399 2784 videtur,
442 2691 592 2766 maxime
621 2691 804 2787 postquam
837 2692 1046 2782 scriptores,
1083 2720 1148 2791 pro
1178 2697 1240 2772 stro

244 2794 366 2889 singuli
385 2811 511 2884 captu,
540 2792 642 2864 variis
660 2790 861 2865 nominibus
883 2790 955 2864 illas
972 2792 1213 2870 involverunt.

291 2892 322 2991 ς.
351 2915 384 2988 3.
414 2890 507 2963 Utile
531 2908 646 2963 tamen
672 2889 831 2975 videtur,
867 2888 911 2960 de
935 2889 1004 2964 hoc
1024 2895 1128 2975 etiam
1153 2896 1237 2970 sata·

242 3015 348 3087 gere,
376 2986 569 3076 nam,s1ne
597 3009 761 3062 accurata
785 2986 1039 3082 discipiinatum
1066 2992 1238 3089 cognitio·

243 3114 309 3181 ne,
341 3091 411 3176 rei,
445 3109 522 3184 quae
547 3086 583 3162 in
608 3085 690 3182 ipfis
711 3087 934 3178 continetur,
964 3089 1087 3171 notitia
1110 3089 1237 3188 ubique

241 3186 384 3267 nonest
408 3187 522 3262 solida.
741 3194 745 3204 '
1273 3252 1278 3265 ,

293 3285 323 3384 §.
348 3308 383 3374 4.
418 3285 589 3359 Videntur
621 3281 724 3380 igitur
755 3306 877 3358 omnes
906 3282 1122 3379 disciplina,
1160 3306 1238 3378 qum

245 3383 341 3457 circa
368 3385 478 3477 leges,
515 3384 664 3455 virtuter
687 3404 728 3456 ac
755 3403 873 3456 morea
895 3380 1078 3457 hominum
1102 3381 1239 3464 versan-

244 3503 322 3571 tur,
351 3480 484 3555 ambitu
504 3480 659 3551 Doiirina
681 3482 821 3562 Moraiis
837 3478 1090 3567 comprehendi
1109 3479 1236 3576 poste,

244 3582 335 3655 hanc
359 3600 468 3666 vero,
509 3574 633 3649 intuitu
662 3580 735 3653 uita
755 3578 885 3673 futura
918 3572 961 3661 fi?
981 3576 1166 3677 presentis,
1200 3582 1238 3656 in

246 3680 446 3777 Theologiom
471 3669 515 3758 Θ
541 3674 726 3751 Doiirinom
749 3676 882 3752 ciuilem
910 3674 1072 3774 dispicere
1099 3678 1234 3771 licebit,

243 3777 415 3854 divisione
439 3797 509 3849 non
527 3768 797 3851 Christianorum
814 3793 946 3852 tantum
961 3828 974 3866 ,
990 3775 1055 3857 sed
1081 3776 1120 3859 tiz
1141 3777 1235 3875 Gep-

234 3878 357 3962 ,tiiium
374 3873 492 3966 captui
510 3872 757 3951 conveniente.

295 3976 327 4076 ᾗ.
351 3995 384 4068 5.
408 3971 575 4069 sseoogia
599 3968 670 4061 est,
684 3996 779 4088 ’quae
808 3972 1012 4073 religionem
1037 3975 1236 4090 err-princi·

242 4075 332 4178 piis,
358 4073 485 4177 partim
510 4073 784 4169 communibus,
812 4075 938 4179 partim
961 4075 1237 4254 propw’miltltg
