3000 5150
318 518 916 610 nucronra
1048 528 1130 605 m

127 691 226 787 quod
243 690 347 769 Solon
371 696 435 793 (c)
460 694 705 788 parricidarum
728 716 864 789 poenam
889 697 964 795 lege
980 700 1124 793 publica.

127 792 260 867 lancire
279 793 385 870 noluit
411 794 460 891 (d
467 795 507 891 )‚
534 796 626 889 quod
644 812 779 867 tantum
796 795 898 869 scelus
915 797 951 869 in
970 796 1122 895 aliquem-

126 886 239 962 filiurn
271 894 393 968 cadere
425 916 496 964 non
522 890 754 965 arbitraretur.
821 892 883 965 eui
907 890 1014 968 fimile
1044 894 1115 984 est,

126 990 219 1079 quod
244 990 377 1063 Frrrrrc.
406 993 524 1063 Lornz
548 1009 595 1063 ou
623 990 801 1075 Gourrrn,
837 988 921 1086 Hlst.
947 1015 1018 1085 gen.
1045 994 1115 1065 Ind.

126 1086 287 1161 Occidenr.
322 1108 387 1183 cap.
417 1108 496 1177 207.
535 1086 638 1159 refert
664 1088 708 1159 de
730 1085 871 1180 populis
892 1087 1117 1185 Nicaraguae,

123 1186 215 1275 apud
243 1187 321 1259 illos
348 1185 474 1258 nullam
498 1183 593 1257 tuille
609 1182 770 1257 staturam
793 1206 933 1280 poenarn
957 1185 991 1257 in
1008 1209 1118 1275 enm,

122 1284 181 1375 qui
211 1283 384 1381 Regulum
419 1287 601 1379 (Curione
634 1280 696 1377 ipsr
730 1283 887 1378 vocant)
920 1282 1119 1371 occidillet;
1149 1311 1154 1318 ·

121 1382 218 1476 quod
241 1386 369 1468 nullus,
394 1382 550 1478 ajebant,
586 1380 628 1453 stt
654 1379 825 1470 subditus,
859 1380 917 1477 qui
938 1385 1119 1478 excogita·

120 1500 159 1550 re
178 1498 236 1552 aut
258 1502 390 1572 patrare
407 1500 477 1553 tarn
499 1478 611 1551 dirum
628 1474 761 1552 facinus
781 1480 887 1555 velit..

172 1575 326 1669 Vereor,
355 1600 398 1651 ne
414 1576 571 1672 putidum
589 1576 766 1668 videatur,
790 1575 909 1650 istbaec
926 1594 997 1649 tam
1017 1576 1252 1691 aper-,HQ

193 1675 319 1749 luribus
340 1676 524 1751 inculcare.
576 1675 633 1748 Ad
660 1674 812 1749 tironum
835 1695 951 1748 tamen
970 1697 1255 1769 captummrusau·

85 1687 364 1868 mummi
388 1775 526 1849 addam.
597 1774 683 1847 Sunt
709 1774 850 1869 alicujus
872 1770 1109 1848 informationi
1119 1767 1248 1827 Μὴ

118 1869 287 1943 commisti
302 1873 372 1946 duo
390 1874 505 1965 pueri,
525 1871 580 1947 sed
599 1872 721 1967 dispari
741 1873 841 1965 plane
855 1873 980 1945 indole.
1010 1872 1109 1945 Unus
1117 1831 1248 1940 llll?

119 1967 293 2041 modestus
312 1969 363 2043 est
391 1973 698 2065 verecundusque,
725 1970 764 2043 &
788 1975 914 2066 inagno
936 1957 1251 2076 literarnmglssssffi'ss,

120 2088 237 2140 amore
269 2064 426 2167 flagrant.
490 2070 586 2142 Alter
611 2066 809 2158 dillolutus,
844 2069 1024 2161 petulans,
1048 2064 1255 2140 foe-usurum

116 2163 175 2235 das
202 2166 314 2254 notius
339 2167 516 2254 libidines,
551 2189 654 2262 quarn
679 2167 782 2239 libror
809 2184 911 2237 amat.
971 2156 1184 2237 Summam·

117 2259 228 2335 officii
255 2265 390 2359 utrique
416 2268 558 2351 eadem,
595 2264 707 2335 literas
731 2262 914 2337 addiscere.
965 2262 1032 2335 Sed
1058 2287 1117 2356 pe·

118 2360 261 2431 culi-aria
278 2380 455 2453 praecepta
471 2361 625 2453 disparia.
678 2358 789 2431 Priori
812 2361 904 2431 enim
924 2357 1043 2432 sufficit
1062 2361 1115 2432 in·

111 2455 284 2553 junxille,
314 2479 392 2553 quae
408 2456 536 2546 studia,
561 2479 631 2554 quo
649 2476 836 2554 tempore,
854 2481 968 2553 quave
981 2457 1114 2532 ratione

113 2558 263 2630 trablare
286 2556 419 2632 debeat.
466 2556 580 2630 Alteri
610 2575 735 2651 preter
758 2555 836 2630 lraec
865 2557 1029 2630 acerrima
1051 2557 1111 2634 sub

112 2656 387 2731 comminatione
422 2657 630 2743 venandum,
664 2677 710 2728 ne
734 2655 1029 2742 circumcurfitet,
1062 2680 1109 2729 ne

112 2759 187 2834 alea
204 2752 317 2847 ludat,
344 2781 388 2830 ne
410 2753 511 2826 libros
537 2755 684 2841 vendat,
712 2777 756 2828 ne
772 2754 806 2825 in
819 2755 989 2827 exercitiis
1007 2776 1105 2826 com·

112 2856 280 2952 ponendis
304 2857 411 2929 aliena
435 2853 542 2926 vitula
573 2874 674 2940 aret,
711 2876 755 2924 tre
778 2873 1036 2948 pergraecetur..
1060 2875 1105 2927 rre

111 2950 222 3029 scorta
248 2953 475 3029 consectetur.
535 2953 664 3025 Eadem
692 2951 714 3021 sr
741 2954 815 3046 quis
838 2951 958 3048 prioris
982 2949 1106 3022 indolis

109 3078 218 3168 puero
248 3053 393 3148 operose
427 3050 621 3126 declamare
658 3048 809 3123 instituat
829 3046 859 3138 ,'
882 3051 939 3122 bie
970 3062 1109 3144 ευφημιῑν

107 3154 221 3244 ipsum
249 3153 404 3245 jubebit,
439 3147 490 3222 dt
507 3151 617 3237 cuivis
638 3151 774 3243 potius,
808 3171 911 3243 quam
943 3144 1023 3237 fibi,
1047 3146 1110 3219 ista

108 3270 258 3335 canere,
282 3250 340 3343 qui
360 3249 478 3322 talium
503 3251 593 3320 nulla
618 3246 781 3337 cupidine
800 3267 967 3341 tangatur.

163 3347 215 3418 Ex
246 3368 315 3439 quo
340 3343 556 3417 manifestum
580 3345 723 3416 arbitror
745 3341 839 3428 elle,
877 3345 981 3436 longe
1006 3341 1105 3412 aliam
1151 3352 1207 3402 xv·
1276 3345 1281 3352 '

106 3445 188 3518 fore
207 3443 298 3538 Juris
320 3443 494 3514 Naturalis
517 3443 662 3526 faeiem,
700 3440 723 3512 Γ]
751 3442 826 3536 quis
849 3438 971 3511 statum
994 3413 1245 3525 homi-fimf

109 3544 163 3619 nis
183 3543 358 3640 integrum
376 3540 457 3612 velrt
476 3541 749 3636 praesupponere.
801 3539 995 3633 Simulque,
1024 3540 1237 3609 commum

1033 3655 1105 3711 tam

134 3853 206 3951 ,(σ)
225 3854 302 3935 Quod
318 3853 414 3932 solon]
454 3850 542 3928 Apud
572 3852 720 3929 Diogenem
741 3852 880 3914 tuntum
901 3852 928 3911 iu
948 3854 1019 3912 Vita
1034 3853 1100 3913 Solo

107 3933 333 4081 nlsldlll'floliire
346 4008 453 4081 noluit]
492 4005 617 4067 duetore
634 4007 766 4076 Diogene
786 4006 902 4066 uaertro
920 4008 951 4064 r‘n
974 4008 1033 4065 vr'to
1058 4006 1103 4067 Sr-

93 4089 176 4173 νροιιὶι
196 4103 224 4146 rt
240 4099 287 4158 52·
307 4083 333 4145 dt
349 4086 490 4146 Cicerone
510 4098 558 4161 pro
573 4082 663 4161 Roscio
677 4087 806 4148 Amerino
825 4096 881 4161 cop.
896 4099 943 4155 ας.
964 4083 1067 4145 oreo.

572 4186 609 4268 ll
628 4203 672 4245 ²·
1050 4188 1109 4266 (ί)
