3000 5150
512 472 634 547 Ltrt.
678 471 705 543 1.
777 466 903 549 Cat.
941 471 969 544 1.
1185 493 1238 568 39

248 641 391 738 potest,
424 663 498 735 quat
521 666 625 735 penes
653 643 764 738 ipsum
793 667 900 744 neque
924 644 959 718 in
980 643 1032 735 se,
1055 665 1164 743 neque
1187 647 1224 725 in

250 744 308 815 sua
325 743 421 814 causa
439 740 501 812 fuit
527 740 543 836 <
573 744 601 838 ).

448 935 482 1029 J.
507 929 692 1016 ΝΜ.
717 937 738 1008 i.
770 958 802 1011 t.
828 960 855 1009 c.
880 955 914 1024 4.
937 931 966 1029 b.
989 956 1022 1022 5.

295 1128 347 1202 Ex
365 1128 455 1202 hisce
470 1128 643 1225 ptaemiiiis
670 1127 750 1225 (ut)
776 1129 907 1227 aliquot
922 1128 1138 1226 particulares
1156 1130 1222 1205 fot·
1245 1078 1367 1290 m.

1152 1250 1223 1301 ma·

280 1412 326 1472 (1)
340 1410 496 1475 Matres-saa
508 1410 639 1475 raafifat't]
651 1411 721 1471 Quod
753 1413 873 1471 Leysetus
889 1414 971 1462 Metti.
987 1414 1018 1459 ati
1029 1414 1097 1461 Pani
1107 1410 1226 1473 spicata.

249 1478 338 1522 attinet
365 1478 393 1523 td
431 1476 562 1522 liberatum
588 1477 722 1523 nostrarum
754 1491 815 1535 ma.
836 1489 926 1534 putet,
954 1475 1089 1522 duetorem
1112 1478 1229 1534 principii

249 1538 373 1585 auronum
399 1541 438 1583 vei
458 1538 609 1585 omiistonum
635 1538 721 1584 conse·
754 1540 791 1586 sui
809 1541 840 1585 de
853 1539 956 1586 cosentia
974 1539 1107 1586 socialitate
1121 1539 1168 1586 eise
1181 1542 1228 1588 ub·

246 1600 344 1657 quentia
355 1634 363 1659 ,
374 1613 427 1657 quae
444 1600 543 1647 ductori
551 1601 666 1648 dicuntur
675 1601 721 1647 eise
752 1602 842 1658 litum,
857 1601 991 1648 secundum
1014 1601 1080 1658 quod
1097 1602 1226 1658 unusquis.

239 1674 307 1723 pontt
327 1679 364 1708 nor
381 1667 406 1710 t'a
420 1662 464 1720 sira
483 1664 549 1721 causta
559 1680 569 1720 ‚·
583 1666 653 1721 brec,
671 1675 721 1709 non
753 1676 800 1720 que
815 1667 894 1722 maia,
908 1663 977 1710 aitcri
992 1663 1112 1709 sociorum
1129 1665 1225 1722 impen-

245 1736 294 1771 tam
313 1724 367 1783 ipsa
382 1726 454 1772 nobit
468 1724 617 1783 imputantur
632 1726 654 1771 in
666 1726 721 1771 soto
752 1727 847 1782 dentia,
864 1738 975 1772 avertere
988 1726 1088 1784 debeat,
1108 1729 1122 1773 it
1137 1728 1160 1773 id
1176 1730 1227 1774 sne

246 1788 311 1844 Dar,
326 1799 398 1844 quam
417 1786 521 1835 actionis
537 1792 578 1833 vei
595 1786 722 1838 unitionis
752 1790 863 1847 periculo
874 1788 926 1835 steri
941 1788 1016 1845 potsrt.
1037 1790 1119 1845 Atque
1137 1791 1168 1834 sta
1184 1790 1225 1836 ct·

246 1848 479 1908 praecedentia,ex
499 1850 652 1908 quantuor,
669 1862 721 1896 mo·
753 1863 838 1907 ceto,
867 1850 990 1909 saptentiae
1017 1852 1087 1897 iautie
1111 1849 1223 1912 inclitus,

244 1912 385 1969 raritatem,
406 1924 478 1968 atoue
499 1915 561 1960 adeo
582 1912 721 1971 imputatio·
753 1927 775 1962 1.
788 1916 815 1960 la
829 1914 899 1974 offic.
909 1926 932 1969 7.
948 1915 997 1961 duo
1012 1911 1130 1968 injustitia·
1147 1926 1222 1972 gene·

244 1987 321 2033 nem,
339 1975 525 2030 ingrediuntun
552 1976 643 2034 idque,
669 1988 720 2021 non
750 1990 777 2023 ra
794 1977 957 2024 sacirzttnum
983 1974 1144 2032 totum‚qui
1160 1976 1224 2024 inse·

244 2048 320 2096 prout
343 2037 399 2083 actu
425 2037 562 2096 eveniunt,
584 2039 624 2085 sed
646 2050 720 2093 prout
750 2051 821 2097 runt,
836 2043 940 2086 alterum
955 2050 1061 2094 eorum,
1075 2040 1116 2092 qui
1127 2037 1157 2084 ab
1175 2037 1223 2098 iis,

242 2099 402 2157 probabiliter
446 2112 565 2147 eventura
595 2098 721 2156 expetant
750 2102 839 2160 quibus
859 2101 979 2155 insertur.
998 2102 1013 2145 sr
1032 2099 1147 2156 possunt,
1173 2112 1225 2148 nott

245 2173 372 2219 poterant:
393 2160 451 2218 quin
467 2163 489 2207 dt
505 2162 575 2209 istam
596 2162 721 2209 moralita·
752 2163 896 2219 propuiscnt
909 2162 1037 2217 injuriato,
1048 2174 1110 2217 quos
1118 2172 1166 2206 tam
1178 2162 1227 2214 eisc

245 2234 367 2268 temtum
390 2225 488 2269 demunt
509 2224 670 2271 determinant
684 2224 722 2282 ‚u
752 2225 776 2270 in
794 2223 853 2270 vitio
873 2224 952 2281 addit,
971 2235 1043 2279 quam
1066 2225 1228 2283 sperantes,

247 2284 366 2342 gravioria
387 2283 505 2330 momenti
524 2286 674 2344 rationibus,
691 2286 722 2332 ab
755 2297 796 2331 aut
812 2285 919 2340 amicos,
937 2297 977 2330 aut
992 2282 1094 2340 patriam
1104 2284 1230 2332 deserant'

247 2350 325 2394 astera
348 2357 417 2404 parte
447 2345 659 2402 ponderantibus,
674 2358 724 2393 nou
755 2348 801 2393 sed
815 2347 875 2392 iliud
888 2347 981 2395 seban.
998 2346 1055 2390 &itt
1068 2347 1123 2390 uitio
1133 2345 1170 2406 effa
1183 2359 1227 2393 ve·

245 2409 390 2468 pensentur.
411 2406 515 2455 Censet.
526 2410 598 2467 Sappi.
609 2410 627 2454 1.
637 2409 673 2468 §§.
688 2419 725 2466 rs,
757 2421 811 2455 runt
826 2408 877 2465 est,
901 2409 917 2455 st
940 2405 1029 2462 justitia
1049 2409 1185 2456 attributrix
1202 2409 1229 2458 in

247 2473 287 2519 16.
300 2471 388 2519 lnsoto
400 2482 480 2517 autem
493 2472 613 2528 humano,
623 2472 664 2517 ubi
675 2482 724 2516 nou
757 2470 811 2517 viro
830 2471 895 2516 bono
912 2502 921 2529 ,
943 2469 1002 2516 oiim
1029 2470 1137 2527 stoice,
1161 2483 1227 2519 nunc

246 2534 282 2581 ita
303 2534 431 2582 advivam
446 2543 534 2580 omnes
557 2533 664 2580 rationes
684 2545 723 2579 te·
754 2532 891 2580 Christianae
909 2531 1014 2579 caritatis
1029 2531 1155 2592 stutiroso,
1171 2533 1228 2592 spe·¹

244 2597 360 2645 secantur
379 2629 387 2654 ,
411 2597 434 2642 δι
452 2596 585 2642 innumera·
610 2595 721 2642 aeiionea
753 2595 847 2642 stetur:
861 2595 881 2642 it
891 2607 996 2652 namque
1007 2595 1138 2657 peccabit,
1152 2597 1168 2644 si
1182 2597 1226 2644 da·

242 2661 266 2708 dt
276 2659 412 2708 omissiones
422 2669 472 2704 non
486 2658 552 2714 priua
561 2662 720 2714 imputantur,
751 2669 834 2704 mount
848 2671 860 2704 a
873 2657 942 2705 socio
953 2669 1003 2704 non
1018 2669 1125 2705 avertet:
1143 2671 1168 2706 ut
1180 2670 1224 2717 vaf

244 2736 319 2781 quarn
348 2732 432 2769 earum
459 2719 634 2777 consequentia
660 2732 718 2766 eve·
750 2732 779 2767 ro
793 2720 910 2766 addamui
920 2720 1100 2779 reparationem
1116 2733 1146 2768 ea
1158 2720 1226 2776 justi·

241 2788 333 2839 niunt;
353 2786 431 2831 soient
453 2784 600 2830 antecedens
625 2782 719 2840 uoto,
750 2782 782 2829 aia
799 2784 934 2841 expiatrice
947 2795 1075 2842 tencatur,
1092 2786 1145 2840 icae
1162 2783 1224 2832 civi·

243 2851 286 2895 vei
302 2846 415 2904 Omidio,
440 2846 661 2901 &Commodum
678 2848 718 2892 vei
750 2845 767 2892 ti
782 2846 1224 2904 veicertaquaittatepersonaeoput

244 2912 385 2967 Damnum,
400 2909 465 2965 quod
483 2909 514 2955 ita
538 2907 594 2955 inde
609 2907 679 2963 fluit,
693 2918 719 2955 ut
750 2909 793 2955 est.
815 2911 885 2957 Grot.
901 2925 920 2956 e.
936 2909 1003 2969 17·§·
1022 2921 1046 2962 o.
1066 2909 1091 2957 Β
1103 2922 1142 2964 25.
1155 2910 1180 2973 §.
1197 2920 1222 2966 7.

244 2973 308 3021 iilius
327 2975 487 3020 moralttatem
513 2970 663 3029 supponatur
675 2973 717 3018 de·
749 2971 818 3029 Legit
835 2973 975 3029 exemplum
994 2971 1027 3017 est
1042 2972 1066 3018 iu
1086 2974 1101 3018 1.
1113 2985 1136 3029 7.
1149 2975 1180 3018 Ι).
1196 2972 1223 3021 le

243 3035 390 3093 terminate,
406 3032 506 3088 jurum
523 3033 681 3089 confidenti,
692 3045 719 3081 ut
749 3036 836 3083 latrari.
847 3039 906 3081 rain.
920 3035 961 3082 ubi
972 3034 1107 3082 Hadrianus
1117 3035 1223 3092 percpi·

244 3113 294 3147 una
317 3098 416 3147 moralia
435 3095 507 3145 Aetio
522 3130 531 3155 ‚
549 3098 591 3144 vei
606 3096 717 3154 omisso,
749 3098 836 3145 stolam
847 3095 936 3154 saucit,
956 3109 983 3144 ut
994 3097 1109 3143 Praesidae
1120 3098 1145 3142 in
1161 3109 1223 3156 eos,

243 3159 339 3208 homini
356 3161 541 3207 inbonattrvcl
559 3162 717 3217 maiampar·
749 3162 790 3218 qui
814 3160 881 3216 juxta
901 3159 972 3205 iitora
998 3158 1070 3205 maris
1090 3159 1223 3218 poiiident,

244 3237 297 3271 tent
311 3217 475 3280 imptitabnit,
500 3234 572 3280 prout
583 3220 718 3270 Commodi
748 3224 803 3279 bis,
820 3222 860 3279 qui
875 3235 915 3270 res
931 3223 984 3271 suas
996 3223 1103 3279 direptas
1119 3231 1225 3279 queram

247 3285 313 3332 istius
335 3285 495 3344 procurandi,
516 3287 556 3331 vei
569 3283 718 3332 Damnievi·
749 3297 806 3342 tut,
825 3284 914 3338 judicia
934 3284 1044 3331 reddant.
1081 3282 1226 3334 Aristoteiet

248 3348 331 3400 tandi,
348 3346 436 3402 causa,
449 3348 494 3403 sic,
504 3350 544 3392 vei
556 3346 719 3404 setus,agen·
750 3359 850 3404 quoque
865 3348 923 3392 silir.
933 3345 1026 3402 aaftait,
1040 3361 1060 3391 c.
1073 3348 1113 3391 80.
1128 3343 1226 3404 scribit,

246 3413 306 3460 dum
318 3409 406 3454 suerat.
420 3410 501 3465 Atque
515 3409 646 3457 secundum
657 3412 720 3457 banc
749 3411 774 3458 in
789 3411 928 3466 Heroden,
941 3410 1044 3454 Grecos
1053 3406 1226 3464 &indigenam

245 3471 446 3522 observationem
486 3468 640 3525 iudicandum
685 3472 719 3517 ost
749 3472 798 3521 iret
811 3472 948 3529 facientes,
965 3470 995 3517 ab
1009 3469 1096 3515 incolit
1110 3468 1226 3517 observa·

244 3538 277 3586 de
297 3536 339 3593 iis,
355 3545 409 3591 quae
431 3532 502 3589 supra
520 3533 550 3579 ad
565 3532 605 3578 iin.
620 3533 642 3592 ς.
656 3535 679 3580 8.
697 3534 720 3580 dt
750 3536 788 3592 ti,
807 3549 839 3581 ne
857 3534 914 3591 quid
933 3533 962 3579 iit
975 3531 1039 3578 forte
1057 3532 1113 3578 maii
1129 3531 1224 3578 contiu-

244 3600 309 3649 insra
325 3599 363 3659 55.
377 3609 416 3643 ιο.
435 3596 458 3641 st
473 3607 512 3650 2³·
531 3596 561 3641 de
576 3594 721 3653 Ignorantia,
750 3609 865 3656 ganeum
876 3595 983 3652 alioquin
992 3593 1014 3640 iti
1023 3594 1128 3641 futurum
1138 3592 1225 3655 sciant,

244 3663 416 3712 lobeciuitate
432 3659 478 3705 dte.
494 3658 519 3704 in
535 3657 607 3704 causa
626 3654 666 3700 sua
678 3669 721 3701 vu·
751 3672 778 3707 ut
791 3671 896 3716 quntum
912 3656 936 3704 io
952 3654 1040 3704 finibus
1055 3655 1146 3715 aliquid
1162 3656 1224 3703 (ten.

245 3724 380 3785 luntariia,
405 3722 436 3770 ab
454 3720 566 3770 Auctore
589 3718 723 3770 traduntur.
752 3719 1225 3777 etiadmtuunsuettt,de1icitpoenaa

246 3791 321 3837 intua.
753 3787 833 3842 luant,
844 3784 988 3831 &damnum
1003 3783 1097 3831 issaram
1114 3781 1226 3845 sarciant.

280 3854 302 3911 ς.
318 3849 400 3897 xviii.
416 3851 555 3906 sequuntur
574 3856 666 3893 nouem
684 3857 722 3892 te·
753 3849 809 3896 Nec
826 3846 933 3895 didimiie
958 3848 1112 3902 Cymeastum
1136 3844 1229 3893 institu-

248 3918 313 3973 puln
327 3910 448 3969 sociatas.-
467 3922 568 3968 quarutu
584 3909 663 3967 prima
681 3907 722 3956 tti-
753 3923 806 3960 tutu
838 3910 914 3958 resert
936 3908 1080 3957 Heraclides
1113 3907 1228 3959 Ponticae

248 3975 365 4024 membris
376 3974 408 4020 est
421 3987 429 4030 3
444 3977 511 4021 Aetas
530 3973 645 4029 atterius,
662 3984 687 4019 ut
698 3983 722 4019 et
753 3972 804 4026 orti
816 3971 957 4031 uariatior,
974 3974 1041 4020 idem
1061 3971 1230 4030 aetyptiotttut

246 4041 391 4098 operarium
421 4039 558 4092 quatumvis
591 4048 672 4083 retum
700 4035 723 4083 dt
754 4039 958 4093 iegibutcautuut
970 4034 1228 4095 futr‚atrstotestiod.

248 4101 350 4160 quosvis
373 4100 468 4147 Euam
487 4098 554 4146 aiteri
576 4112 627 4148 non
644 4099 723 4156 impu·
754 4101 802 4149 Sic.
819 4100 838 4147 1.
851 4116 872 4148 t.
888 4111 928 4156 77·
950 4111 964 4147 a
980 4100 1068 4156 quibua
1089 4097 1174 4148 sutilia
1198 4097 1231 4147 ati

247 4165 305 4218 tari.
337 4164 365 4214 iu
379 4162 460 4225 prino
470 4173 550 4211 autent
560 4161 673 4214 nembro
684 4162 724 4214 ci.
754 4175 850 4216 ceterae
856 4172 956 4293 cte⁴utm
969 4161 1108 4229 suerunt,
1122 4174 1173 4219 aec
1188 4162 1234 4274 iffi
