3000 5150
326 452 331 459 ’
426 424 624 544 ersl.
698 467 828 548 Cra.
871 467 921 547 V.
1093 492 1168 571 197

174 666 274 727 rum,
300 640 339 718 dr
365 643 398 717 hi
427 644 520 740 digni
547 642 632 730 bnt,
662 644 720 736 qui
748 665 817 715 tarn
843 667 920 718 care
940 646 1157 725 redimantur.

173 742 270 812 Nam
297 741 329 812 id
355 742 510 814 stolidum
539 741 609 835 (z)
636 737 765 831 fuerit,
800 742 892 813 alteri
917 749 1067 837 perituro
1087 748 1157 823 fru-

171 836 240 912 stra
274 838 339 912 seii²
364 843 529 912 comitem
554 841 703 924 addere,
748 859 805 911 aut
837 844 1012 935 egregium
1037 847 1153 921 virum

170 957 235 1029 pro
251 937 351 1008 nauci
381 938 520 1010 homine
549 957 696 1007 mortem
715 956 891 1028 oppetere.
952 938 1006 1010 De
1025 963 1153 1017 cratero

169 1051 283 1106 tamen
301 1058 362 1127 per
384 1035 495 1131 legem
514 1055 640 1105 natura
657 1035 915 1129 haudquaquam
933 1039 1073 1129 pra-cipi
1099 1041 1152 1111 vi·

164 1129 282 1218 dettrr,
311 1139 347 1203 ut'
371 1135 481 1226 quivis
502 1134 654 1225 cujusvis
672 1133 806 1203 alterins
837 1133 944 1220 yitnnr
976 1132 1041 1202 iuae
1068 1138 1149 1209 vitae

162 1228 345 1319 praeferat3
378 1231 431 1302 i'ed
453 1231 585 1300 caeteris
611 1230 745 1324 paribus
774 1230 832 1300 iibi
860 1231 998 1322 titusque
1031 1234 1152 1322 proxi·

160 1346 238 1399 rnus
257 1324 325 1400 eise
337 1328 559 1424 permittitur.
610 1326 672 1398 rili
689 1350 800 1415 vero,
828 1327 884 1423 qui
914 1326 986 1421 (a)
1018 1329 1073 1400 uel
1091 1349 1150 1400 tae·

1091 1426 1149 1500 dio

159 1628 254 1665 merum
272 1618 386 1678 supplere
400 1620 635 1681 polfitDlgnirar,in
666 1620 767 1668 boneiie
791 1621 812 1666 dt
842 1618 933 1666 utiliter
961 1633 1030 1674 arere
1060 1634 1150 1682 queat,

156 1681 263 1739 persona
282 1685 436 1733 multiatnili
455 1686 557 1733 Caeteris
574 1697 635 1732 vero
666 1687 718 1731 iiaec
741 1686 806 1730 enirn
829 1696 886 1729 cerr
905 1682 985 1729 auimo
1007 1687 1027 1731 dr
1048 1687 1149 1745 corpori

154 1746 337 1801 propemodum
368 1749 484 1807 paribus,
509 1749 635 1805 unusquis·
666 1748 802 1795 eommuois
825 1747 866 1793 eli.
909 1749 1001 1793 Contra
1025 1750 1072 1796 boc
1094 1749 1147 1798 offi-

154 1817 204 1861 que
224 1809 263 1856 ilbi
276 1811 404 1867 proximus
418 1811 463 1858 eise
480 1812 635 1870 perruittlrur.
666 1812 729 1858 eiutn
744 1822 848 1868 peccant
858 1809 941 1865 otioti,
957 1811 1080 1869 eremite,
1091 1825 1146 1859 nro·

154 1869 289 1919 Cannrrcn.
665 1873 754 1932 naclri,
774 1872 853 1919 valida
878 1872 1063 1932 mendicabula,
1086 1876 1147 1924 abu·

184 1934 495 2000 (2)Narrr'dstoir'dan].
516 1938 630 1986 Nnnsto·
664 1936 714 1984 sum
742 1935 847 1983 nominis
870 1936 952 1983 Divinl
982 1938 1005 1982 in
1027 1940 1146 1995 quaeiluna

150 1994 228 2044 lidum
246 2009 353 2056 tantum,
371 2001 411 2047 sed
423 2002 446 2048 dt
461 2001 573 2056 injustum
583 2005 631 2048 boc
663 2003 801 2058 vertentia,
818 2001 947 2053 Deumque
962 2000 1002 2045 tibi
1017 2005 1085 2047 velut
1104 2002 1146 2049 rri-

149 2059 242 2120 suerit‚
263 2065 469 2118 quemadmodum
493 2065 567 2110 etiam
586 2065 630 2126 Jua
663 2064 783 2109 butarinrn
803 2062 946 2119 reddentia,
964 2062 1063 2119 ignavi,
1081 2075 1105 2108 nt
1120 2065 1145 2110 de

148 2123 250 2171 Nature:
272 2138 322 2171 non
342 2127 419 2174 solum
439 2130 567 2182 permirari,
584 2139 629 2182 ut,
662 2126 773 2172 iromincs
793 2124 897 2183 sordidi,
920 2125 970 2171 vid.
995 2127 1012 2171 l.
1028 2125 1061 2171 II.
1084 2140 1102 2172 c.
1118 2138 1143 2186 4.

149 2188 248 2232 cereris
265 2188 378 2245 paribus,
398 2189 502 2245 quisque
525 2189 565 2235 ilbi
587 2191 629 2246 lpii
661 2184 684 2247 d.
702 2198 741 2243 13.
760 2197 797 2240 rs.

144 2250 275 2308 proxirnns
301 2250 345 2305 sn,
370 2263 416 2296 ceu
441 2262 499 2296 mox
527 2250 629 2307 dicitur,
694 2261 716 2305 s.
734 2250 853 2295 Praeterea
883 2259 914 2294 ert
940 2247 1078 2301 cognitione
1104 2247 1143 2297 sui
1196 2263 1198 2269 ·

146 2312 193 2358 sed
209 2312 232 2355 id
255 2310 326 2356 etiarn
338 2315 409 2368 julae.
442 2314 505 2358 Cum
523 2313 572 2359 aiio
587 2311 629 2368 iai·
659 2311 814 2368 ipilntlrenro
826 2308 951 2367 intelligit,
966 2310 990 2355 i'e
1005 2311 1051 2356 elie
1064 2322 1141 2357 mern·

146 2385 206 2427 tur,
232 2375 272 2418 vei
298 2386 345 2430 pro
368 2374 417 2420 alin
436 2378 503 2420 velle
528 2376 627 2431 perire,
660 2375 731 2420 brum
746 2372 868 2419 societatis
884 2376 1014 2427 bumont,
1032 2374 1098 2430 quod
1110 2374 1140 2421 ad
1234 2394 1236 2399 ·

144 2438 291 2493 regulariter
307 2435 367 2492 justa
380 2436 497 2495 exceptio
513 2447 563 2484 non
583 2436 628 2484 eil.
660 2437 694 2483 sui
718 2433 933 2482 conservationem
965 2435 1039 2482 variis
1067 2437 1141 2486 boola

144 2500 169 2547 T
170 2512 245 2546 rrius.
659 2498 769 2546 externit
785 2496 907 2556 indigeat,
929 2496 1061 2555 quodque,
1081 2511 1140 2547 cum

177 2562 233 2623 (a)
247 2562 290 2622 Ast
300 2579 368 2615 ura,
383 2560 451 2625 μη.
466 2560 521 2610 Nec
530 2559 553 2607 bi
564 2573 627 2619 prae-
659 2563 727 2623 allis,
748 2562 796 2610 boc
813 2562 869 2609 vite
889 2561 1035 2608 curriculum
1052 2563 1139 2610 decur-

141 2638 225 2674 certus
246 2630 274 2672 ad
293 2624 625 2684 excusatioraenrsudleiunt,
657 2641 713 2675 rere
732 2637 856 2684 oporteat.
894 2626 957 2683 Ergo
981 2625 1023 2685 (ό)
1050 2626 1073 2672 in
1095 2640 1139 2685 ap·

142 2701 190 2738 ceu
211 2689 277 2738 recle
296 2693 335 2739 irie
351 2691 457 2750 dicitur,
483 2691 541 2736 licet
561 2692 624 2745 apud
655 2690 770 2749 petendis
794 2691 864 2738 bonis
887 2688 952 2746 iilia,
979 2688 1140 2738 existimatio·

141 2753 295 2802 ethnicorum
314 2757 447 2803 nonnullos
466 2753 507 2800 illa
527 2753 623 2799 senten·
654 2767 705 2812 ne,
731 2752 820 2813 opibus
845 2754 868 2798 dr
897 2750 1039 2799 muneribus
1064 2753 1138 2801 nimi·

138 2816 172 2864 rla
189 2817 337 2873 obtinuerit,
353 2819 428 2866 viril.
439 2819 468 2865 ΙΙ.
484 2832 503 2863 ι.
513 2830 537 2876 4.
548 2816 570 2876 ς.
586 2828 622 2871 17·
654 2830 725 2874 rum,
751 2831 782 2862 ea
799 2816 887 2875 regulis
905 2812 997 2861 amoris
1017 2816 1134 2875 proprii,

137 2883 165 2928 ia
174 2878 218 2939 fia.
234 2883 257 2943 ς.
275 2895 311 2941 ι9.
326 2888 350 2929 ln
363 2881 407 2941 fin.
424 2882 501 2927 Porro
515 2890 563 2927 nec
576 2893 620 2937 prt-
651 2880 721 2928 'rede
735 2880 760 2926 se
778 2893 864 2938 gerere
879 2879 961 2926 debet.
995 2877 1021 2924 ln
1038 2881 1086 2927 boc
1095 2880 1135 2928 oi·

136 2944 227 2991 dicniae
259 2945 383 2992 leuandae
419 2944 507 3002 causa,
539 2944 619 2989 autil
651 2944 711 2994 ficio
725 2945 767 2992 libi
781 2941 1062 3002 preliand0‚irorrrloer
1080 2946 1134 3002 ple.

138 3007 194 3064 quis
207 3007 324 3067 deinceps
344 3010 368 3054 in
391 3008 508 3064 probrum
526 3005 574 3052 Dei
591 3004 616 3051 se
651 3022 754 3067 rumque
770 3008 909 3066 excedunt,
925 3020 953 3053 ac
968 3020 998 3053 eat
1015 3007 1135 3062 perversa

134 3067 258 3118 victurum
277 3072 376 3129 uideat,
393 3069 570 3128 propricidium
589 3069 615 3115 li·
649 3072 764 3129 pltilautia
778 3105 786 3128 ‚
801 3070 960 3118 socialitatem
974 3071 1133 3126 graviterire·

136 3132 212 3179 citum
236 3134 351 3190 viderur,
379 3134 505 3192 quamuis,
533 3135 615 3186 quoad
647 3137 725 3188 dunt,
750 3134 845 3179 addai.
874 3134 891 3178 1.
914 3132 947 3177 11.
975 3148 994 3176 c.
1012 3143 1035 3186 4.
1052 3130 1072 3188 ς.
1091 3141 1130 3177 ιο.

131 3197 263 3253 ultimum,
288 3197 430 3241 ilbraeorum
446 3194 558 3242 nonnulli
569 3194 614 3240 dri*-
646 3196 760 3253 Denique
776 3194 821 3254 (7)
837 3195 961 3249 Praecepta
972 3190 1063 3237 amoris
1072 3204 1132 3248 pro·

134 3256 269 3314 senserint,
287 3259 336 3304 vid.
353 3258 376 3302 d.
394 3259 411 3301 l.
427 3258 458 3304 ΙΙ.
476 3274 494 3304 c.
510 3257 564 3316 4.§.
578 3270 614 3314 ¹9·
647 3259 709 3316 prii,
728 3257 852 3303 bominem
876 3256 900 3300 in
922 3254 973 3300 aira
988 3252 1062 3298 Civili
1084 3255 1130 3302 bo·

133 3322 207 3367 οισι.
229 3320 255 3364 do
280 3322 307 3383 J.
330 3321 356 3365 B.
373 3316 398 3365 Θ
416 3320 443 3366 Ρ.
462 3322 479 3366 l.
493 3320 524 3366 11.
538 3335 558 3366 e.
578 3331 615 3377 ιι).
647 3320 750 3367 nelle&
771 3316 904 3373 prudenter
920 3328 1010 3372 agere,
1025 3313 1127 3376 iubent,

131 3384 156 3446 ς.
175 3391 198 3435 5.
236 3380 274 3427 illi
295 3393 356 3425 vero
378 3381 509 3428 excusandi
527 3382 615 3429 video·
647 3395 697 3439 qno
714 3382 745 3427 ita
769 3378 812 3427 libi
827 3380 867 3436 ipfi
888 3377 1047 3423 infortunium
1069 3378 1127 3426 baut

130 3457 187 3498 tur,
198 3442 238 3501 qui
252 3443 300 3490 fata
314 3443 354 3490 srbi
365 3447 520 3501 accelerant,
531 3446 615 3503 quod,
647 3445 781 3501 concillet,
800 3443 861 3489 rnala
876 3438 1026 3486 imminentia
1038 3439 1124 3498 depel-

132 3507 281 3557 certitudine
317 3504 444 3553 moraliter
471 3504 609 3564 infallibili,
645 3510 719 3555 ittae
739 3509 962 3560 bonacomparet‚
984 3502 1124 3555 contai.

130 3570 297 3632 praevideant,
331 3580 436 3616 morrern
464 3567 505 3614 fibi
534 3571 609 3625 panio
639 3570 672 3617 11.
687 3586 706 3617 c.
723 3584 747 3627 4.
765 3564 787 3622 i.
802 3570 827 3624 ό,
844 3580 869 3623 7,
884 3569 906 3613 8.
929 3564 1059 3624 inl-fia.

130 3636 202 3695 post,
219 3638 248 3682 ab
262 3634 329 3682 hoste
343 3632 448 3686 injurio,
472 3641 527 3675 cnm
543 3629 610 3688 iano·
669 3647 693 3690 p
708 3633 735 3678 ln
751 3634 815 3679 bunc
833 3631 885 3676 iere
905 3631 1004 3674 modum
1021 3628 1122 3687 officia,

130 3698 206 3746 minin
234 3699 255 3745 le
280 3698 407 3751 cruciata,
438 3696 537 3741 allatum
559 3694 610 3752 iri,
641 3705 695 3750 qne
714 3697 788 3742 borno
809 3692 902 3750 fibiipfi
919 3692 1011 3749 deber,
1029 3703 1122 3749 reprae-

129 3763 336 3817 quemadrnodum
363 3759 435 3806 eriam
460 3769 552 3804 cerrum
576 3756 610 3803 ui·
641 3756 731 3805 sentari
749 3756 857 3804 breuiter
873 3753 1124 3814 poffuor,uquanr·

127 3825 216 3879 detur,
243 3827 310 3882 qnod
331 3825 522 3880 delinquentes,
552 3821 611 3875 julio
642 3823 730 3868 visilia
748 3817 1121 3868 exaliirsontibuaetiamrle·

128 3888 300 3944 Magistratus,
326 3900 429 3934 mortem
452 3886 609 3943 promeritam
642 3886 714 3931 riuari
729 3896 835 3940 queant,
853 3881 969 3928 bacienus
982 3893 1064 3929 tamen
1077 3883 1122 3930 iila

127 3950 345 4009 iibiipfirlnlerre
363 3962 468 4008 queant,
494 3950 542 3996 uid.
567 3955 610 4012 Op.
641 3950 744 4007 omnia,
775 3959 829 4007 qnae
854 3944 1065 4002 memoravimn»,
1096 3955 1123 3994 ut

127 4015 184 4070 Mry'
209 4015 225 4058 l.
239 4013 300 4060 VIII.
316 4030 335 4062 e.
352 4024 375 4068 s.
390 4016 412 4077 3
429 4027 454 4070 4.
470 4016 494 4059 δι
505 4015 560 4062 mad.
640 4012 776 4072 peculiaria
802 4009 904 4058 buna&
930 4011 992 4055 anaia
1012 4005 1122 4068 speciali·

163 4090 185 4125 ι.
203 4077 314 4123 Ulterrur
335 4089 393 4122 cura
412 4076 447 4122 sur
466 4076 537 4133 ipriut
555 4077 608 4125 eri·
640 4090 695 4128 rur,
717 4088 772 4131 que
792 4086 824 4120 err
851 4071 940 4129 regulis
959 4072 1050 4121 amoris
1063 4085 1122 4130 pro·

127 4140 177 4200 pit.
194 4151 220 4185 ιιι
234 4139 277 4199 (s)
291 4137 501 4200 commitivam,
524 4139 608 4188 sanum
639 4139 685 4194 prii
710 4148 829 4197 appetere
852 4139 893 4184 ael
919 4135 1004 4192 sugere
1024 4137 1121 4187 deceat.

129 4204 291 4266 &integrum
310 4204 344 4253 lta
365 4199 538 4268 erpolianarra,
556 4214 609 4265 qao
636 4202 760 4317 Ptererrqea
773 4200 798 4252 ld
811 4209 912 4262 qaoque
926 4199 1123 4313 “macariana

748 4276 763 4324 ³
1055 4273 1089 4325 ‘iu
