3000 5150
389 535 440 600 π
469 593 473 600 ,
536 514 854 596 PRAEFATIO
891 511 1202 590 AUCTORIS.

393 714 463 769 tam
494 693 621 790 liquido
645 689 712 788 (e)
738 690 861 765 limites
894 688 994 786 hujus
1017 690 1219 786 disciplinae,
1256 689 1379 789 quibus

271 867 274 872 ⁴
395 793 631 888 aTheologia·
641 791 769 864 Murali
789 789 994 884 sejungitur,
1018 786 1180 885 defignati
1199 787 1291 878 srnt;
1320 814 1380 864 non

395 892 565 965 deteriore
592 891 724 961 hancce
753 886 962 981 disciplinam
984 885 1184 975 conditione
1208 885 1380 979 futuram,

396 1011 500 1082 quarn
517 984 822 1082 Jurisprudentiam
840 983 1007 1076 Civilem,
1024 985 1236 1059 Medicinam
1248 1041 1258 1073 ,
1271 987 1383 1059 Scien-

398 1090 480 1159 tiam
512 1084 717 1158 Naturalem
747 1100 806 1155 aut
828 1078 1019 1175 Matlrelin3
1053 1083 1087 1155 in
1111 1105 1194 1179 quas
1216 1079 1241 1155 fi
1267 1084 1384 1181 aliquit
1425 1117 1426 1126 ¹

396 1180 541 1279 ailulis&
569 1183 760 1274 irrumpere
790 1180 941 1268 audeat,
973 1177 1044 1252 line
1073 1177 1192 1277 populi
1222 1177 1384 1280 suffragiis

399 1283 575 1354 censuram
597 1277 656 1351 srbi
677 1276 873 1363 vindicans,
899 1299 970 1351 non
984 1276 1140 1352 dubitant
1164 1277 1228 1373 ipst
1249 1281 1384 1355 occine-

398 1402 457 1464 re,
491 1378 580 1471 quod
604 1374 779 1466 quondam
801 1373 966 1466 Appelles
994 1378 1215 1473 Megabyzo,
1248 1377 1297 1450 de
1324 1401 1385 1453 arte

396 1473 543 1571 picioria
566 1472 677 1545 nescio
699 1472 779 1567 quid
811 1470 967 1546 disserere
988 1473 1228 1571 aggredienti:
1254 1475 1387 1577 Quasi,
1423 1563 1426 1578 Ι

397 1574 533 1666 ajebat,
562 1586 650 1658 raca,
681 1594 721 1641 ne
740 1572 852 1664 pueri,
885 1574 937 1663 qui
962 1572 1103 1644 melidcm
1118 1586 1240 1659 terunt,
1267 1591 1301 1648 re
1320 1578 1386 1647 irri·

398 1672 507 1756 deant,
530 1670 610 1763 loqui
634 1664 734 1762 ursum
760 1668 796 1739 dr
823 1671 933 1757 rebus,
958 1692 1035 1763 quas
1053 1692 1112 1741 non
1135 1669 1272 1768 didicisti
1287 1670 1426 1852 2(ss?

399 1769 468 1841 Sed
486 1790 566 1838 cum
577 1770 675 1839 bonis
691 1763 827 1863 quidem
839 1767 1056 1862 cordatisque
1070 1767 1152 1840 viris
1170 1767 1274 1843 facile
1360 1793 1386 1846 ts

398 1866 590 1938 conveniet.
606 1861 803 1936 Malevolos
823 1884 936 1937 autern
949 1863 1204 1963 ineruditosque
1219 1867 1386 1944 obtrecta-

397 1980 490 2035 tores
517 1961 615 2034 satius
639 1959 741 2032 suerit
767 1962 907 2032 invidiae
926 1962 990 2035 suae
1015 1964 1271 2052 excruciandos
1296 1989 1387 2042 com·

395 2059 581 2146 mendare3
614 2056 782 2154 liquidem
812 2058 929 2155 utique
957 2058 1110 2151 constat,
1150 2082 1278 2137 aeterna
1305 2062 1387 2161 poli-

399 2179 542 2255 rumque
566 2160 641 2254 lege
662 2153 733 2245 est,
760 2176 797 2229 ut
811 2152 974 2255 AErltiops
991 2178 1107 2234 cutem
1125 2182 1194 2234 non
1216 2182 1344 2241 mutet.

436 2367 495 2444 (r)
517 2367 718 2444 smulquecum
730 2377 786 2427 turri
798 2366 918 2447 liquido]
938 2366 1005 2429 rm
1018 2372 1110 2446 quinta
1122 2369 1389 2449 epllugnm‚ceusu

400 2446 480 2508 ribus
511 2445 679 2519 importunis
701 2444 887 2521 oppositum,
915 2449 1061 2519 continet,
1090 2449 1164 2508 circa
1182 2466 1270 2525 quam
1299 2451 1388 2528 aliqua

400 2533 503 2583 nutare
536 2538 607 2598 opus
632 2521 760 2580 nonest.
796 2521 844 2581 De
863 2521 1045 2599 scriptoribus
1064 2541 1156 2586 rerunt
1177 2526 1390 2588 moralinmrli«

402 2615 462 2672 qua
478 2598 534 2654 hoc
555 2599 621 2655 luco
642 2595 700 2654 dici
721 2597 849 2673 possent,
871 2599 918 2657 sed
936 2598 968 2658 id
987 2602 1117 2673 jamnon
1136 2604 1257 2678 agimur.
1296 2604 1389 2666 Euda

400 2686 504 2733 cetero
524 2673 690 2750 scriptorum
711 2677 815 2733 notitia
834 2675 927 2743 utilit,
947 2692 1007 2735 non
1029 2691 1124 2740 tamen
1148 2681 1197 2740 illa
1217 2696 1274 2756 pro
1296 2681 1385 2743 lludlu

401 2752 571 2825 principali.
593 2750 640 2809 sed
660 2750 758 2810 saltem
782 2751 880 2826 aliquo
902 2753 1077 2814 adminiculo
1097 2758 1195 2817 haberi
1220 2757 1328 2830 debet,
1347 2776 1390 2818 re·

401 2844 464 2887 rum
479 2825 596 2897 abusus,
616 2837 675 2886 tarn
696 2828 725 2886 iu
743 2829 797 2886 hac
815 2842 909 2905 parte,
931 2846 1016 2906 quam
1039 2832 1124 2906 alibi,
1143 2847 1231 2894 nutus
1246 2833 1301 2896 esi.
1341 2836 1388 2896 Tr·

399 2917 482 2962 mus.

442 2979 498 3055 (f)
516 2977 592 3062 Qus
610 2997 662 3039 aa„
677 2976 815 3060 aurunt]
855 2986 901 3045 rte
919 2984 1064 3050 nutaret.
1084 2986 1117 3048 u
1133 2988 1247 3048 arua.
1270 2985 1311 3063 er
1328 2990 1390 3051 ar

401 3057 429 3117 ri
456 3057 570 3132 discum.
599 3056 647 3115 sed
669 3057 791 3119 Zeuxidi
814 3061 871 3120 hoc
892 3064 1055 3135 responsum
1074 3065 1173 3125 tribuit
1193 3066 1331 3126 Elianur
1356 3068 1390 3127 ΙΙ.

400 3135 468 3194 Vur.
489 3129 548 3208 ursi.
568 3152 591 3192 c.
613 3151 640 3192 2.
685 3134 795 3194 Plinius
815 3153 885 3196 veru
904 3140 1029 3201 XXXV.
1049 3162 1073 3202 c.
1097 3158 1142 3201 10.
1163 3140 1331 3202 Alexandro
1349 3142 1391 3203 Μ.

400 3209 567 3286 frequenter
581 3213 608 3270 in
623 3212 731 3288 Apellis
748 3209 891 3273 officinam
908 3219 1083 3290 ventitanti,
1103 3217 1131 3278 ἀ
1152 3219 1286 3295 imperite
1305 3217 1391 3280 multa

402 3286 563 3356 differenti,
586 3289 688 3347 dilium
714 3287 820 3348 refert:
839 3290 936 3351 nrrerr
958 3310 1016 3353 eurr
1040 3297 1057 3354 l
1080 3299 1191 3372 pueris,
1217 3300 1265 3373 qui
1289 3298 1395 3361 crim

400 3373 525 3429 tererent.
549 3363 610 3429 vid.
630 3365 675 3428 Cl.
696 3366 829 3428 Perizon.
847 3369 883 3428 ad
902 3369 1007 3432 AEit‘art.
1025 3373 1054 3434 tl.
1074 3377 1095 3436 l.
1134 3373 1242 3436 Orco.

757 3641 1008 3921 rapu
