3000 5150
242 458 315 540 288
405 446 477 522 Dr.
534 445 773 521 Oanrcro
830 439 1112 524 Hortante

241 624 364 702 deduci
385 623 502 697 omnia
520 622 673 716 possunt,
699 646 776 716 quae
800 620 1082 698 horninibusab
1110 623 1221 701 seinri
1259 615 1261 626 ’

241 748 320 799 cem
344 725 470 797 utiliter
499 724 675 816 percipere
704 723 839 794 licebat.
899 721 1004 793 Narn
1037 746 1160 818 neque
1177 726 1223 821 qai

240 823 358 897 basvis
375 845 416 895 ea
433 820 484 893 est
502 819 629 914 ingenii
646 823 796 901 bonitas,
826 839 862 890 ut
885 820 1034 905 omnia,
1069 825 1224 918 quibust

238 924 293 997 liis
318 917 469 1012 prodesse
501 916 664 1012 possunt,
707 942 751 990 ex
778 917 845 989 sola
883 917 1118 992 humanitate
1145 921 1226 993 velint

267 1016 424 1102 restare,
451 1018 536 1089 citra
561 1015 777 1110 exploratam
795 1017 887 1110 spent
915 1016 1015 1107 paria
1040 1018 1227 1114 recipiendi

238 1046 501 1212 chrequente'r
526 1114 600 1200 illa,
628 1134 702 1207 quae
727 1116 770 1186 ab
805 1112 876 1185 aliis
900 1113 935 1184 in
965 1134 1036 1188 nos
1073 1113 1228 1209 proficisci

240 1235 391 1311 queunt,
419 1212 589 1306 ejusmodi
605 1212 699 1296 lunt,
726 1233 762 1284 ut
776 1211 880 1307 gratis
901 1210 1031 1285 eadem
1061 1216 1170 1288 nobis
1189 1237 1229 1288 ex·

240 1312 351 1385 hiberi
381 1312 472 1384 salva
508 1309 621 1381 fronte
648 1301 819 1403 postulare
845 1330 1080 1404 nequeamus.
1150 1314 1229 1406 Sape

241 1434 379 1506 qnoque
395 1406 544 1481 nostram
561 1404 737 1479 fortunam
754 1428 811 1479 aut
829 1409 1013 1503 personam
1032 1430 1114 1483 non
1133 1411 1231 1498 decer.

241 1508 338 1581 alteri
364 1508 429 1579 tale
461 1504 668 1579 beneficium
701 1506 835 1578 debete.
895 1506 1073 1602 Adeoque
1112 1509 1235 1604 utpluti·

195 1601 206 1626 ¹
240 1629 339 1681 nrum
364 1606 448 1679 alter
480 1607 559 1677 dare
591 1625 659 1674 non
692 1601 826 1694 potest3
866 1600 953 1696 saepe
984 1625 1056 1679 nos
1085 1609 1234 1703 accipere

213 1779 218 1784 ,
241 1706 424 1790 nolumus,
451 1702 510 1774 nisr
531 1700 590 1774 ille
607 1701 699 1793 paria
720 1724 739 1773 a
758 1701 855 1773 nobis
871 1700 1031 1794 recipiat.
1089 1705 1184 1779 Non
1198 1729 1236 1779 tt·

241 1826 282 1873 ro
307 1802 452 1893 denique
479 1799 562 1870 alios
586 1801 686 1886 latet,
714 1820 780 1893 qua
804 1802 935 1872 ratione
956 1805 1173 1878 commodis
1188 1827 1238 1878 no·

241 1895 316 1969 stris
338 1897 497 1967 inservire
516 1916 649 1991 queant.
697 1897 804 1993 igitur
819 1917 854 1968 ut
872 1915 990 1968 mutua
1014 1898 1118 1974 inter
1140 1902 1237 1974 homi·

243 2015 305 2068 nes
323 1991 456 2080 officia,
484 1995 539 2090 ‘lui
560 1991 690 2064 fruetus
706 1992 755 2067 eli
774 1994 990 2084 socialitatis,
1020 2021 1072 2070 eo
1089 2002 1238 2073 crebrius

243 2093 281 2165 dc
305 2103 346 2165 ad
367 2114 473 2165 certas
502 2094 597 2164 velut
622 2092 754 2187 regulas
779 2114 1032 2182 exerceantur,
1048 2131 1053 2136 ·
1070 2097 1240 2171 necessum

242 2190 328 2278 fuit,
354 2191 513 2264 homines
534 2190 623 2282 ipsos
646 2190 735 2263 inter
751 2191 782 2264 se
808 2192 1001 2265 convenire
1025 2192 1136 2292 super
1161 2196 1242 2290 ejus·

242 2293 339 2363 modi
370 2295 469 2363 rebus
491 2290 643 2361 invicem
675 2287 888 2380 praestandis,
916 2312 993 2384 quae
1017 2313 1067 2365 ex
1095 2295 1169 2368 sola
1190 2296 1244 2367 hu·

244 2389 422 2462 manitatis
443 2393 518 2485 lege
537 2409 633 2460 certo
656 2385 722 2478 sibi
740 2389 897 2481 polliceri
916 2394 956 2459 ab
981 2390 1062 2462 aliis
1091 2416 1165 2465 non
1189 2416 1245 2486 po·

244 2504 354 2562 terant
376 2486 450 2582 (i).
511 2485 679 2584 Adeoque
705 2485 740 2558 in
773 2484 981 2560 antecessum
1007 2488 1247 2565 determinan-

1168 2590 1247 2665 dura

245 2761 318 2798 aarum
337 2745 385 2806 diff
403 2748 430 2794 da
448 2758 531 2794 natura
542 2750 656 2807 pastorum
677 2750 722 2798 Ta·
757 2749 822 2798 nuru
845 2746 880 2794 est
898 2747 989 2794 dun·-
1013 2750 1055 2796 otl
1066 2753 1171 2810 piari-n
1196 2768 1245 2800 m·

244 2813 316 2870 binga
331 2821 398 2867 ¹7¹3·
412 2812 464 2855 hab.
498 2809 614 2858 Tarona.
754 2812 845 2873 senfin,
862 2813 1001 2872 obligationis
1018 2815 1083 2861 licite
1093 2816 1248 2877 constitu-la

279 2874 343 2930 pss.
360 2869 648 2930 Paclasuntobiigaroria,
669 2877 723 2919 liba·
757 2879 794 2923 vel
811 2876 908 2921 tollendos
934 2875 1015 2935 causti,
1041 2878 1119 2929 datur.
1151 2878 1247 2941 Quodn

243 2935 492 2990 ratoria‚velnlxta.
526 2934 724 2996 (monsignore
758 2937 868 2984 nomines
892 2939 1001 2985 absoluta
1032 2939 1173 2990 socialitatis
1197 2944 1244 2988 ‹le-

246 3012 297 3049 non
313 2997 389 3045 modo
405 2998 438 3044 ob
454 3008 559 3053 quatuor
571 2999 670 3051 causas,
685 3001 725 3044 lrlc
758 3012 825 3046 creta
836 3000 924 3046 eraclo
935 3002 1116 3062 observarent,
1131 3017 1181 3052 tum
1193 3006 1241 3051 do·

246 3059 726 3122 allatas‚ineuntur‚sedetiarn‚urobli·
758 3065 945 3123 ministerum,
967 3076 992 3111 ut
1010 3067 1165 3128 stitutione,
1183 3079 1246 3115 cunt

245 3122 518 3189 garloneslmperscelae
528 3123 725 3183 fiantperieeiae,
759 3128 975 3187 multis-capitibus,
984 3130 1074 3177 eadem
1087 3131 1248 3191 sequentibus

246 3196 288 3240 vel
302 3191 400 3238 sublatae
416 3188 591 3243 laulaurentur3
605 3190 661 3237 lude
675 3194 727 3237 sin·
759 3192 921 3250 probabiliter
944 3192 1078 3252 cessarent,
1103 3199 1178 3254 ltine,
1200 3196 1247 3243 islo

245 3259 296 3305 cula
307 3253 365 3316 fiiri
380 3251 474 3299 aratra
501 3254 599 3299 Donato
617 3255 648 3300 ad
664 3256 725 3303 Eun.
759 3269 839 3302 rerum
855 3257 930 3305 statu.
953 3258 993 3301 vel
1010 3259 1118 3313 nullut,
1137 3262 1179 3308 vel
1196 3258 1250 3308 exi·

248 3323 269 3370 1.
285 3334 308 3366 α.
326 3317 359 3372 of.
379 3329 418 3364 aa.
439 3312 483 3376 (a)
501 3318 644 3364 Libmrnia
657 3319 724 3377 sunt,
758 3333 817 3377 gnus
839 3321 910 3364 etiarn
936 3318 1066 3376 postorum
1089 3323 1159 3371 foret
1181 3324 1249 3372 usne

245 3383 334 3442 quibus
344 3380 504 3436 obligationes
525 3382 661 3428 constitutae
678 3385 726 3428 tol·
758 3383 801 3430 Ast
819 3383 833 3428 li
845 3381 953 3428 indolem
966 3384 1065 3431 ueneris
1076 3387 1181 3434 humani
1192 3380 1248 3443 srip-

245 3448 343 3494 lunturz
357 3445 387 3490 de
398 3444 604 3501 quibusPraetoris
614 3444 725 3492 narseum
758 3459 850 3505 ponas,
865 3457 938 3502 prout
954 3457 1041 3490 revera
1054 3449 1111 3508 est,
1127 3463 1181 3499 tum
1199 3452 1252 3500 flue

243 3511 368 3563 loquitur,
387 3508 410 3552 ln
428 3508 443 3553 1.
458 3518 481 3561 7.
499 3508 557 3568 D.§
582 3520 606 3563 7.
625 3510 724 3554 lePaei.
758 3508 835 3567 pastis
862 3509 934 3555 viram
962 3509 1085 3570 exigere,
1113 3517 1193 3572 plne
1214 3514 1250 3561 est

246 3572 457 3620 &sanemulrutn
478 3570 591 3627 interest,
613 3584 725 3629 quaeras,
758 3573 907 3630 impossibiie.
942 3571 1092 3632 lasummr,
1120 3591 1251 3637 npuspa·

244 3648 326 3685 utrum
341 3633 497 3691 obliteratur,
523 3647 551 3680 an
574 3635 725 3695 liberemur,
758 3636 803 3683 clla
823 3636 870 3688 cst,
885 3634 925 3695 (n)
942 3635 974 3680 Ut
989 3636 1163 3691 obligationes
1173 3652 1249 3690 novt

245 3700 354 3749 docente
372 3699 464 3742 litiano
481 3695 553 3758 Jdlu,
569 3697 592 3743 in
606 3703 621 3746 1.
636 3711 676 3758 47.
692 3700 725 3747 D.
758 3700 947 3754 constituantur,
965 3703 1030 3754 quon
1046 3713 1160 3758 quatuor
1173 3705 1249 3753 ratio·

245 3764 272 3811 an
286 3765 314 3810 Ο.
330 3761 355 3807 d?
369 3763 401 3806 A.
417 3759 458 3818 (3)
472 3763 567 3816 liliata,
584 3761 654 3817 susat,
673 3762 725 3818 qui·
758 3764 828 3809 nibus
847 3761 955 3819 artatur,
971 3762 993 3822 §.
1010 3778 1032 3810 α.
1048 3767 1071 3811 b.
1087 3768 1250 3828 confirmat,

247 3826 292 3873 bus
315 3823 384 3881 prior
400 3823 516 3877 obligatio
536 3827 644 3879 tollatur,
664 3827 724 3871 &a
758 3826 851 3872 consi
875 3827 915 3872 Ill.
932 3841 951 3871 c.
966 3840 988 3883 4.
1009 3829 1031 3890 5.
1052 3841 1074 3876 ι.
1109 3833 1155 3890 (2)
1174 3834 1251 3881 Bello

245 3890 279 3936 lla
300 3901 364 3934 noua
387 3886 553 3941 coustirrtitur;
578 3889 656 3944 qualis
672 3887 726 3942 est,
760 3890 868 3945 abruptae
891 3889 1059 3939 restituantur.
1086 3894 1133 3952 (³)
1150 3897 1252 3944 conni-

245 3960 287 4009 ut,
304 3953 361 3996 dato
376 3953 459 4008 aquuo
478 3950 594 4009 ntodlco,
613 3962 727 4010 retento,
760 3964 816 3998 tutae
834 3955 968 4007 tollantur,
986 3968 1015 4001 ae
1029 3955 1071 4015 (4)
1086 3959 1253 4014 liuperiesl!

245 4017 287 4061 vel
312 4013 448 4070 promisso,
476 4015 550 4061 alite
579 4015 727 4062 discedatur:
763 4017 904 4061 &laxiores
921 4029 1098 4076 nonnunquam
1115 4024 1253 4083 magicae·

246 4072 359 4124 decidendi
381 4077 461 4132 confir,
487 4077 519 4123 ait
537 4080 625 4127 Paulus
647 4081 663 4128 1.
687 4078 727 4126 60.
761 4079 911 4137 stringantur.
945 4079 1045 4131 Τιτιυς.

246 4136 396 4191 adeline.
430 4138 509 4186 Orno.
792 4144 841 4206 (t)
857 4145 1052 4209 nli-poterant}
1069 4147 1172 4198 Desine
1187 4164 1250 4209 qna·

277 4197 320 4265 (i)
336 4195 404 4260 nauso
417 4210 490 4276 not·
505 4200 668 4272 masseria-J.
681 4207 726 4258 Pt-
758 4207 865 4270 drupuci
882 4204 1013 4278 pallorum
1035 4212 1133 4265 monuit
1157 4215 1253 4266 Ttnut
