3000 5150
411 478 1066 576 -ooseavorrouoou
1222 524 1258 601 9¹

254 670 302 758 δ’
323 675 396 771 aoid
418 676 549 747 aliorum
575 694 687 745 mortus
718 674 885 768 aditoria
910 672 995 766 stoue
1024 678 1108 754 euim
1142 678 1273 752 aliena·

249 795 311 870 pro
314 773 390 869 siris
406 776 565 847 venditare
592 774 675 842 borea
694 766 774 863 fidei
803 790 974 867 repugnat,
1001 776 1050 847 ita
1066 798 1123 849 neo
1141 776 1249 867 nostra

254 874 329 943 aliis
346 875 455 944 inuitis
471 870 630 944 obtrudere
651 868 804 938 debemus.
855 870 942 943 Lieet
964 875 1059 944 etiem
1068 869 1155 964 fior,
1180 897 1247 968 quae
1320 903 1326 922 ¹

253 974 288 1041 irr
304 972 402 1042 libello
426 970 480 1040 illo
504 963 648 1058 defideres
673 964 736 1058 (de
759 987 816 1057 quo
832 969 903 1059 quid
922 970 997 1037 milri
1015 972 1178 1060 uideatur,
1204 996 1245 1047 ert

255 1065 536 1163 Olrsetootiouilur
558 1062 637 1157 ltiste
657 1063 896 1155 intelligendum
912 1065 982 1158 esi)
1007 1083 1147 1161 attoruete
1157 1074 1261 1165 jeju·-

251 1188 296 1236 rta
316 1167 373 1235 illo
396 1165 527 1235 uoutotr'o
554 1160 722 1255 doseliilus
746 1160 816 1255 istis
836 1184 897 1230 uon
925 1163 1086 1251 ruedetur5
1107 1187 1181 1235 natu
1199 1168 1248 1237 uti

253 1259 451 1355 transpofitio
465 1262 675 1334 uouuullorum
691 1260 963 1351 paragroolroturu
972 1313 983 1347 ,
993 1262 1048 1330 uel
1060 1263 1175 1352 aliquot
1192 1286 1259 1334 oo·-

253 1361 430 1434 colruloruut
453 1354 611 1453 itffperfio,
647 1357 739 1450 plooe
768 1354 864 1445 otieffa
890 1356 964 1452 esi,
999 1360 1045 1428 ita
1070 1383 1139 1453 qua
1161 1364 1246 1432 circo

254 1461 408 1531 culturam
431 1460 529 1527 uultui
553 1450 594 1535 Β
615 1456 747 1546 eorporis
772 1451 937 1547 uooeffirria
961 1456 1128 1544 videnlur,
1155 1461 1246 1529 iudu-
1338 1500 1341 1506 ·

242 1555 332 1655 stria
352 1558 503 1636 docentis,
537 1576 578 1624 eo·
596 1555 697 1644 Opere
723 1552 869 1646 Maiori,
904 1555 1123 1639 velaliende,
1142 1554 1257 1643 facile·

240 1654 435 1749 suppleverit
461 1674 499 1723 oe
523 1651 712 1721 auditoribus
736 1650 958 1735 inculcaverit,
990 1650 1093 1742 outfi
1120 1658 1242 1727 omniuo

253 1752 421 1823 oldendune
438 1750 511 1843 quid
529 1746 586 1842 effe
610 1746 824 1841 existimetur,
849 1750 970 1818 illibata
1000 1764 1104 1822 tarroen
1128 1754 1243 1824 riulio-

253 1853 298 1922 ris
305 1846 486 1944 feretrarie,
512 1862 547 1916 ut
565 1848 649 1917 morlo
661 1844 816 1931 diximus,
845 1844 962 1939 idfieri
981 1848 1115 1922 rotetur.
1168 1853 1244 1923 Noto
1304 1845 1307 1852 ’

253 1949 389 2019 dubitem
409 1948 524 2041 igitur,
548 1947 619 2037 quire
635 1944 675 2014 B.
693 1944 811 2013 Aulior
828 1948 995 2015 mutationi
1014 1948 1082 2033 illi,
1098 1945 1159 2039 stro
1178 1972 1245 2020 mo-

254 2047 312 2128 do,
338 2046 525 2136 prolaturus
538 2040 585 2133 fit
608 2042 686 2112 illud
714 2041 894 2133 Coniugii,
929 2042 965 2112 in
988 2042 1083 2114 Praef.
1103 2045 1241 2119 secund.

255 2140 623 2228 ad'1·aciiilibeltom,·
657 2140 692 2210 ulo
710 2138 856 2208 Moribus
878 2141 1124 2212 Gerrnouorurn:
1150 2143 1244 2235 lpse·

257 2257 331 2308 met
352 2261 419 2333 ego
443 2238 606 2308 nonnulla
624 2234 760 2329 quidem
782 2234 885 2325 paulo
908 2235 1005 2305 aliter
1024 2237 1148 2328 scripta
1172 2260 1247 2311 ma·

257 2334 340 2419 lim,
368 2337 421 2406 led
446 2332 591 2404 fortaffis
613 2328 767 2402 haurias
789 2326 858 2414 est,
878 2330 1070 2424 juvenilem
1096 2337 1265 2408 laborem.

255 2452 396 2503 ornnem
413 2427 597 2503 exaciioris
614 2424 723 2498 aetatis
747 2424 872 2497 trutina
890 2426 1104 2520 expendere,
1132 2429 1248 2506 &fin-

254 2528 343 2624 gulis
367 2524 586 2620 temporibus
609 2524 687 2597 suus
714 2521 832 2616 aliquis
858 2546 979 2598 naevus
1005 2528 1246 2623 relinquendus

252 2624 322 2706 est,
351 2626 457 2697 modo
484 2647 552 2696 oon
580 2623 724 2694 nimium
750 2621 947 2695 dedecoret.
1003 2627 1125 2724 Quolst
1139 2644 1245 2704 autem

253 2721 446 2817 l'ufeudorfii
467 2719 608 2817 consensu
642 2721 837 2813 interpolatio
860 2722 917 2791 illa
935 2719 1035 2817 falia
1058 2731 1121 2822 ‘sti
1150 2744 1251 2822 prout¹

252 2825 370 2894 ultiruae
395 2823 538 2892 editionis
559 2817 727 2914 prefatio,
762 2818 891 2890 dudum
917 2843 936 2892 a
959 2822 995 2891 B:
1024 2823 1176 2897 Audiore
1199 2849 1252 2900 eo1

255 2920 394 2991 nornine
415 2919 629 2990 admonitum
652 2915 718 2999 effe
734 2913 927 3006 editorem,
947 2922 1055 3012 juliar
1079 2924 1252 3011 (lieetuou

252 3021 403 3088 itrrmerito
426 3017 462 3089 de
484 3018 539 3087 lroe
560 3019 629 3109 quio
650 3017 791 3102 dubitet,
823 3038 893 3087 curre
919 3017 981 3089 Vir
1004 3016 1168 3114 illustris,
1193 3025 1247 3094 diu

252 3130 324 3185 aute
342 3117 485 3186 ultimum
508 3115 595 3185 illam
611 3114 794 3199 editionem,
819 3115 852 3183 ire
862 3113 944 3208 fota
961 3116 1156 3214 concesserit)
1175 3136 1245 3192 turre

252 3215 372 3304 injuria
397 3215 517 3305 quidem
537 3235 617 3307 erga
642 3213 806 3283 rluaorem
830 3209 953 3307 effer,
983 3215 1039 3309 ‚ast
1067 3237 1169 3288 rorum
1193 3235 1246 3290 ta·

253 3332 353 3396 tutu,
384 3313 435 3402 qui
454 3308 585 3403 seriptis
608 3312 673 3404 ejus
696 3323 851 3397 uruntur,
885 3313 1024 3383 habendo
1047 3331 1117 3384 erat
1139 3318 1248 3405 ratio,

253 3428 313 3477 nee
332 3410 498 3478 terretorioue
517 3424 582 3477 tom
596 3409 761 3479 macilento
778 3410 820 3476 iit
837 3409 923 3479 velut
941 3411 1149 3494 illudentium,
1176 3434 1247 3485 cum

252 3499 453 3598 Pufeuelorfli
475 3501 632 3593 defiderio,
660 3502 693 3596 fi
722 3507 844 3596 aliquod
856 3503 1015 3599 sultjsoer,
1045 3511 1248 3584 ⁴rootruodiori

252 3606 375 3674 rotioue
410 3603 545 3694 potuerit
565 3598 749 3692 satisfieri:
790 3625 869 3672 uuue
906 3605 1024 3695 quaudo
1049 3607 1187 3678 nonnulli
1211 3612 1246 3682 itt

253 3699 399 3795 collegio,
434 3697 515 3792 quod
534 3712 675 3784 vocant,
708 3696 840 3792 affidari
871 3700 949 3792 (qui
972 3707 1145 3798 precipuus
1171 3708 1245 3779 libri

254 3795 497 3892 Pufoodorfiooi
517 3795 564 3889 est
580 3791 672 3889 resur)
695 3797 766 3866 dureo
784 3798 816 3866 io
833 3821 866 3867 ro
876 3803 917 3892 Je
943 3805 1102 3875 convertite
1128 3804 1245 3878 iutelli-

251 3911 354 3988 guut‚
379 3895 565 3968 iucomruodo
589 3894 705 3988 aliquot
728 3897 942 3970 vocabulorum
963 3902 1125 3994 interjeiiu
1139 3899 1180 3996 se
1196 3907 1243 3977 di·

243 3992 394 4098 sporori‚
414 3991 534 4090 filique
549 3993 704 4094 molestior
730 3999 832 4065 creari
859 3999 1075 4092 indignentur.
1109 3999 1244 4077 Fatetur

249 4091 373 4173 editor:
404 4093 439 4172 se
468 4091 604 4172 notulas
626 4093 785 4247 ‚adjicere
816 4095 980 4190 potuisse,
1014 4097 1072 4177 sed
1092 4100 1173 4199 quia
1195 4105 1247 4176 in.

803 4213 829 4292 5
1122 4217 1246 4294 eptum
