3000 5150
239 427 1229 634 tooTout

423 714 1032 810 SALUTEM

627 962 836 1042 DIClT

290 1187 579 1304 GOTTL.
626 1190 791 1292 SAM.
837 1190 1180 1298 TREUER.

352 1511 439 1565 utre
465 1510 506 1560 en
528 1485 577 1560 cll
595 1484 738 1560 felicitas
762 1483 859 1559 studii
880 1486 1049 1575 moralis,
1083 1507 1123 1563 ut
1141 1487 1235 1584 julli·

240 1491 339 1695 Ν
369 1596 423 1663 riae
449 1589 582 1683 regular
609 1609 628 1657 a
654 1588 787 1679 reliquis
811 1585 988 1657 aclionunr
1008 1584 1235 1660 humanarum

242 1713 375 1765 nrnrts
401 1683 572 1766 dillrnclas
602 1683 640 1756 dt
672 1680 872 1755 solidillirnis
896 1683 1074 1778 principiis
1104 1687 1237 1759 innixas

110 1857 114 1867 ,
244 1812 314 1861 nnn
340 1790 471 1871 aliene,
504 1784 559 1856 sed
582 1783 721 1875 proprio
744 1775 970 1855 fundamento
996 1780 1148 1857 firmatas
1175 1781 1239 1858 effe

244 1889 437 1958 videamus.
493 1882 731 1953 Intermixturn
765 1899 838 1952 erct
860 1880 917 1975 jur
943 1901 1072 1955 naturae
1103 1882 1240 1976 reliquis

246 1983 460 2077 disciplinis,
494 1980 613 2075 quibus
636 1975 797 2063 Gnottt,
833 1978 1102 2066 l’nrtnnonru,
1134 1980 1240 2053 Tuo·

248 2104 348 2156 >tisri
376 2077 532 2151 manibus
554 2095 709 2170 ereptum
733 2093 825 2150 nunc
844 2076 900 2149 sua
916 2075 1058 2168 ipsamet
1079 2079 1158 2151 luce
1179 2037 1284 2150 tul-N

247 2204 323 2279 get,
358 2181 469 2252 radios
494 2175 569 2266 suos
594 2193 655 2267 per
685 2192 796 2247 totum
830 2174 913 2247 vitae
941 2172 1103 2248 humanm
1132 2177 1243 2248 ambi·

248 2300 320 2353 turn
349 2299 477 2370 magno
500 2294 580 2378 curn
611 2270 724 2346 trouu
754 2272 961 2346 diffundens.
1013 2271 1131 2347 Floret
1148 2296 1242 2347 nunc

247 2372 527 2472 eleganrillrrnum
562 2370 708 2443 studium
732 2365 772 2446 ἃ
797 2369 910 2444 ubivis
935 2370 1002 2445 loci
1024 2374 1136 2446 omnir
1168 2394 1242 2444 mo·

249 2499 353 2584 votur
382 2473 464 2567 lapis
490 2469 532 2543 ad
565 2468 646 2540 illud
685 2467 963 2565 promovendum
999 2466 1037 2543 dr
1066 2468 1244 2567 juventuti

251 2573 391 2645 ulterius
427 2564 679 2641 inculcandum.
747 2568 787 2638 ld
814 2568 906 2661 quud
937 2584 1065 2662 preter
1093 2561 1163 2644 clia
1187 2572 1246 2644 do·

250 2686 413 2744 curnenta
436 2687 480 2738 ex
500 2684 544 2738 eo
562 2685 699 2758 quoque
722 2662 885 2756 patescit,
909 2668 1002 2760 quod
1023 2664 1105 2741 ltine
1128 2670 1170 2744 ἃ
1196 2671 1246 2743 in·

249 2770 293 2840 de
318 2765 439 2856 scripta
462 2758 729 2835 Pulendorlinna
747 2767 795 2841 vitt
828 2764 942 2838 varias
975 2765 1109 2864 linguat
1138 2767 1246 2842 trans·

249 2863 421 2950 ferantur,
455 2861 694 2952 explicentur,
732 2855 958 2953 illustrentur,
994 2886 1065 2960 quo
1091 2865 1249 2941 doctrina

247 2964 356 3063 juris,
402 2957 444 3030 ad
473 2978 576 3052 quant
614 2976 733 3032 natura
772 2960 906 3035 homini
939 2968 1147 3061 padagogus
1180 2962 1249 3053 est,

255 3069 349 3137 bono
363 3060 501 3142 ordine,
524 3076 614 3131 nexu
629 3074 859 3133 concatenato
870 3056 909 3134 dt
924 3060 1106 3134 certilltrna
1119 3088 1142 3138 e
1158 3064 1250 3157 prin·

254 3159 354 3251 cipiis
386 3157 591 3231 uedutnone
626 3158 661 3229 in
692 3155 849 3231 omnium
883 3158 1040 3234 notitiam
1066 3164 1250 3258 pervenire

280 3256 365 3332 offic.

253 3285 277 3360 p
308 3359 468 3441 Librum,
496 3375 597 3449 quem
629 3352 686 3426 hic
710 3349 886 3442 exhibeo,
914 3356 1013 3431 multi
1034 3354 1249 3434 eruditoruni

257 3456 397 3552 dignum
425 3452 648 3550 judicarunt,
682 3452 817 3545 inquo
846 3475 989 3546 operam
1025 3457 1116 3529 suam
1142 3460 1252 3530 collo·

256 3577 400 3627 carent:
449 3551 539 3647 quod
573 3551 607 3624 in
649 3551 775 3623 eodem
802 3551 888 3647 juris
915 3575 1047 3627 naturae
1085 3555 1253 3651 principia

256 3654 428 3725 concinne
456 3649 493 3723 dr
523 3649 671 3723 dilucide
694 3647 869 3743 proposita
889 3648 957 3725 effe
985 3654 1135 3726 arbitrati
1163 3654 1251 3728 sunt.

258 3749 387 3849 Quivis
423 3770 535 3821 tamen
572 3773 692 3822 eorum
729 3751 936 3844 peculiarem
970 3750 1029 3824 srbi
1066 3751 1147 3826 fixit
1180 3753 1253 3826 sco·

258 3868 361 3940 pum:
396 3845 434 3919 dt
457 3845 537 3918 licet
565 3848 650 3920 varii
675 3846 709 3919 in
736 3845 898 3921 eumdem
919 3848 1043 3922 librum
1068 3849 1132 3923 srnt
1157 3872 1256 3923 com·

259 3945 426 4020 mentali:
468 3943 605 4020 illorum
634 3965 751 4020 tamen
785 3943 957 4038 intentio,
1001 3948 1190 4026 methodus
1219 3945 1257 4024 &

1192 4064 1259 4123 m·
