3000 5150
287 470 291 477 ,
366 442 403 518 ,8
537 423 1190 527 Gauscraormcuumcnueus

382 602 493 673 adhinc
519 603 628 683 aunis.
653 604 857 675 Scientiarum
883 594 1167 695 Philosoplioarum
1181 595 1365 696 Systematr'-

383 702 440 768 ius
455 709 526 792 (pra
544 714 659 794 recepta
674 701 783 771 dudum
802 722 884 770 ruore
895 699 910 791 )
922 693 1090 787 sterbendis
1108 693 1278 768 Auditum
1289 719 1365 769 meos

377 803 442 867 'erun
474 799 607 889 amplius
634 795 759 869 oner'are
784 793 1002 889 decrevissem,
1034 796 1116 865 haud
1135 797 1247 879 aliut,
1282 819 1364 888 quem

383 895 611 989 Philosophiam
637 898 780 967 moralem
803 898 1012 990 explicaturus
1030 894 1262 987 perungerem,
1288 916 1365 985 nque

384 992 510 1062 idoneus
532 994 721 1079 videbatur,
758 1009 849 1087 atque
875 992 923 1061 hic
950 991 1010 1066 (el.
1035 987 1252 1062 Pufendorfii
1294 990 1366 1061 Tra·

381 1088 511 1161 'datan
537 1093 569 1159 in
590 1115 645 1183 qua
659 1107 761 1162 tamon
778 1089 991 1185 praelegenda,
1015 1112 1084 1159 eurn
1102 1089 1252 1161 nonnulla
1275 1086 1367 1183 offen·

380 1188 506 1270 demun,
522 1214 599 1281 -quee
621 1191 753 1260 natando
777 1201 835 1256 aut
850 1186 1019 1280 supplenda
1040 1186 1237 1262 uiderentur,
1265 1187 1368 1257 breues

335 1357 342 1363 ,
379 1288 532 1376 quasdam
558 1288 700 1374 notulas,
725 1287 769 1355 ad
788 1284 852 1355 loca
876 1284 1019 1354 nonnulla
1036 1288 1067 1353 in
1094 1285 1237 1355 Codicum
1255 1288 1371 1378 margi·

385 1384 477 1451 nilus
487 1379 689 1474 scribendas,
704 1406 775 1453 cum
792 1382 991 1451 Auditarihus
1004 1383 1293 1467 communicabam
1312 1383 1371 1476 qui·
1404 1467 1406 1472 Δ

384 1482 439 1547 locos
451 1478 552 1570 firnul
566 1481 676 1551 natulis
700 1477 942 1574 intermiscelram
958 1481 1119 1550 citationes
1134 1477 1372 1552 locamme

385 1575 442 1661 tii,
470 1580 577 1668 qrribus
591 1582 722 1671 quodque
738 1592 955 1672 argumentum
979 1581 1153 1662 tradatur,
1179 1592 1213 1645 ut
1236 1571 1281 1658 Β
1298 1579 1373 1648 mla·

385 1677 482 1743 tiones
498 1678 540 1747 ad
563 1674 673 1771 Theseo
696 1699 781 1747 meas
802 1676 932 1747 Etlricos
947 1697 1016 1765 aum
1038 1676 1144 1747 iisdem
1157 1678 1281 1767 pariter
1295 1697 1374 1747 com·

307 1837 309 1845 ,
387 1767 593 1860 munitata53
626 1791 710 1867 que,
744 1775 814 1846 lieet
837 1776 870 1843 iu
895 1774 1090 1864 publicarum
1122 1770 1375 1867 Dffputation‘um

385 1869 552 1941 materiam
575 1875 727 1967 precipue
755 1866 943 1967 campestra,
966 1873 999 1940 in
1021 1871 1161 1963 pluribus
1185 1885 1294 1942 tomen
1313 1871 1377 1943 Do·

385 1970 492 2037 lirina
508 1971 634 2040 moralis
648 1971 812 2062 pactibus,
836 1993 902 2062 quoe
923 1991 944 2036 o
962 1966 1183 2039 Pufendorfio
1203 1970 1308 2040 leuius
1355 1969 1379 2018 ⁰¹

383 2079 447 2137 non
475 2070 594 2139 omnino
618 2070 843 2163 attinguntur,
873 2066 1084 2160 Supplementi
1102 2068 1200 2137 vicem
1214 1991 1418 2161 subibam*

382 2165 513 2258 Notrrloe
532 2188 607 2257 quar
624 2168 691 2236 dixi
699 2218 710 2250 ,
730 2164 891 2262 postquam
907 2188 961 2235 ear
982 2162 1199 2260 Typagraplrus
1214 2181 1283 2236 tum
1298 2165 1379 2237 Aca·

388 2263 524 2333 demicus
547 2288 632 2336 noua
646 2258 746 2357 'quam
770 2266 908 2356 parabat
932 2261 1185 2334 Pufendorfiani
1210 2261 1379 2334 Tral'latus

380 2361 532 2435 ·Editiarri
556 2363 746 2458 adjiciendas
772 2377 968 2458 rogaverat,
994 2357 1119 2453 insertis
1137 2356 1251 2457 pofflm
1269 2362 1379 2454 pleris-

383 2463 468 2552 aue,
495 2482 561 2549 qua
583 2466 615 2532 in
633 2463 718 2531 mado
743 2464 922 2531 memoratis
938 2456 1115 2551 Tlrcfilrusa
1133 2456 1380 2531 Puffendorfia·

345 2585 347 2590 ·
389 2555 585 2645 nis-diversa
608 2558 861 2642 continebantur,
887 2559 1016 2649 ollaque
1040 2580 1098 2628 uon
1111 2560 1236 2649 paucis,
1263 2559 1300 2629 in
1312 2575 1381 2652 pto

284 2723 288 2747 ⁷.
389 2655 513 2724 diriores
533 2653 611 2749 istas
634 2653 848 2743 excrescebant
863 2651 982 2747 frustm
1006 2658 1294 2745 commentationes,
1322 2679 1382 2750 que

385 2753 495 2844 paucis
521 2751 632 2822 abhinc
659 2753 775 2839 annis,
806 2775 960 2823 unacum
985 2751 1286 2848 ipsoPufendorfii
1318 2771 1383 2825 tra·

387 2852 508 2932 datu,
542 2872 582 2920 ea
610 2850 705 2943 prada
726 2848 828 2946 naslro
858 2851 1042 2923 Academica
1071 2855 1217 2940 exibant,
1252 2870 1385 2946 quasque

390 2969 472 3016 nuno
508 2947 629 3018 domum
665 2952 866 3043 recognitas,
905 2944 947 3030 ὅ)
991 2952 1144 3022 nonnullis
1177 2954 1209 3021 iu
1238 2952 1385 3046 partibus

392 3046 516 3131 cullas,
546 3045 664 3130 eodem,
678 3069 733 3139 quo
747 3051 840 3141 prius
860 3052 964 3117 animo
985 3049 1175 3140 Juocntutis
1192 3048 1385 3121 Academico

383 3141 493 3240 studia
522 3146 751 3236 promovendi,
783 3148 816 3217 in
843 3147 1001 3240 publicam
1033 3142 1141 3242 rursus
1169 3148 1267 3220 lucem
1299 3148 1384 3219 croire

387 3244 503 3337 patior.
688 3249 709 3258 “’

386 3394 390 3407 .
445 3339 484 3411 lu
508 3342 556 3413 tis
580 3341 614 3411 id
633 3345 786 3436 praecipue
808 3345 886 3413 milri
908 3344 1077 3416 curandum
1103 3343 1196 3433 duni,
1224 3359 1260 3415 ut
1285 3342 1385 3437 Legit

394 3441 568 3514 Naturalis
594 3441 763 3535 obligatio.
794 3445 915 3536 ejusque
929 3438 1192 3535 fundamentalia
1211 3457 1386 3538 precepta,

395 3563 436 3611 ec
459 3541 595 3612 dallrina
620 3541 660 3613 de,
678 3537 892 3622 Existentia.
918 3540 1209 3629 Perlet‘tionibus,
1242 3539 1283 3611 ἃ
1307 3541 1399 3610 Prot

392 3636 548 3707 ridentia
563 3634 696 3709 Summi
711 3635 748 3708 N
754 3639 875 3710 aminis
889 3641 978 3734 paulo
994 3641 1136 3733 liquidius
1152 3639 1387 3711 deducerentur:

390 3737 498 3827 ¹litque
518 3735 590 3803 adea
608 3735 788 3809 Dodirinae
806 3739 947 3811 Moralis
963 3763 1031 3810 eum
1052 3738 1248 3832 'l'heologia
1270 3735 1389 3806 Natu·

400 3833 460 3902 tali
492 3831 604 3924 (cujus
623 3835 678 3905 illa
704 3835 748 3932 cst
771 3858 881 3908 revera
908 3857 980 3926 pars
1003 3833 1165 3929 prodita)
1191 3831 1391 3930 manifestior

400 3927 615 4024 conspiceretur
634 3954 730 4004 nexus
740 3956 754 4021 ,·
780 3956 872 4029 eaque
885 3934 1039 4007 Doilcino
1056 3955 1077 4004 a
1084 3931 1162 4027 soro
1175 3935 1330 4012 humano,
1350 3925 1394 4015 ad

1311 4018 1406 4124 quod
