3000 5150
437 472 989 549 suoruunnnrun
1038 455 1066 549 L
1226 481 1257 573 9

251 653 357 747 ligat,
395 644 439 731 δ’
463 651 496 720 in
523 670 616 743 guum
639 648 739 719 omnis
763 646 885 743 Legum
916 649 1136 727 Humanarum
1172 657 1250 728 obli·

249 754 341 847 gotio
369 746 413 842 esl
443 748 551 820 ultimo
586 742 794 839 resolvendo)
834 747 948 818 luobus
979 757 1076 822 molis
1107 754 1249 825 dociam·

253 867 329 934 tur‚·
354 843 462 940 velfo.
485 864 541 939 pet
558 840 698 940 euptcffis
725 844 850 937 Signo,
880 846 982 938 quolio
995 846 1074 940 sunt
1090 847 1184 924 Voces
1203 848 1270 934 &¹

249 950 397 1040 Scripta,
426 966 484 1037 quo
507 945 599 1037 poeto
626 939 809 1029 declarato,
845 940 958 1014 dicitur
983 944 1055 1017 Lex
1085 946 1155 1019 Dus
1185 952 1250 1041 po'·

253 1043 384 1129 suiva3
415 1042 469 1117 uel
486 1062 543 1137 pet
565 1036 660 1133 ipsum
686 1040 848 1109 Humane
865 1041 1022 1125 Notum,
1048 1038 1091 1121 δ’
1111 1046 1249 1119 oliorum

251 1164 379 1226 retum,
406 1164 472 1233 gun
496 1140 650 1209 bominum
671 1131 879 1314 olggsnutioni
890 1135 932 1231 se
955 1136 1112 1234 nstrum,
1138 1145 1249 1229 conat.

253 1243 426 1322 tutiouem‚
447 1259 506 1332 quo
528 1232 675 1332 existente
748 1231 919 1327 supposttis
931 1233 1049 1327 stmul,
1089 1263 1155 1332 quo
1183 1243 1251 1312 lule

253 1332 452 1429 elucescunt,
481 1332 633 1405 Numinis
657 1328 898 1424 perstitiouibus
915 1348 1008 1403 certo
1027 1334 1201 1409 Hominum
1218 1362 1253 1407 o·

253 1437 368 1505 ilioues
409 1433 442 1502 in
475 1432 570 1504 certis
590 1427 835 1525 circumstantiis
870 1429 1033 1524 neceffisrio
1065 1436 1250 1522 inuoluunt,

252 1532 322 1603 inde
344 1532 459 1601 umoris
488 1552 527 1599 oc
551 1529 763 1599 venerationis
794 1551 871 1621 ergo
898 1531 1045 1618 Numen,
1080 1534 1154 1603 hino
1179 1557 1251 1604 cou-

253 1646 388 1722 temptus
409 1627 461 1702 uel
482 1627 544 1697 odii
569 1641 791 1719 argumentum
803 1649 816 1711 ,·
854 1641 946 1719 otque
975 1629 1052 1700 odeo
1092 1654 1151 1701 nou
1180 1627 1247 1723 pos·

239 1725 323 1822 sunt
363 1739 422 1796 uon
443 1725 483 1797 ab
508 1719 572 1818 ipso
608 1724 688 1793 Deo
719 1740 868 1817 tanquam
892 1726 1053 1796 eorundem
1080 1725 1249 1823 offiiiuum

243 1822 389 1922 symbulo
415 1826 577 1917 reputari:
602 1822 745 1892 uoluntas
769 1836 874 1893 autem
906 1820 996 1911 Des,
1023 1845 1171 1916 quotenus
1194 1828 1249 1897 loos

247 1920 412 2019 posteriore
433 1920 517 1993 moto
530 1915 732 2015 fignificutu,
760 1918 875 1993 licitus
893 1918 968 1993 Lex
985 1922 1175 2006 Naturalis.

303 2116 379 2191 XX.
407 2116 482 2189 Cum
503 2117 607 2210 itaque
632 2113 728 2209 ipstus
749 2111 822 2184 Des
850 2111 1020 2200 Volumus,
1035 2112 1098 2208 ‘per
1115 2116 1177 2214 isto
1192 2142 1249 2189 uo·

257 2219 373 2286 turoliu
407 2215 531 2299 media,
566 2214 608 2284 od
638 2212 857 2306 obligationum
880 2212 1126 2304 producendam,
1165 2219 1252 2286 nolis

251 2314 488 2407 promulgetur3
513 2306 663 2401 cumipse
681 2308 780 2379 Dum
797 2307 900 2377 eudem
918 2309 1030 2379 Medio
1056 2314 1191 2402 (quibus
1198 2310 1248 2403 sc.

256 2430 322 2483 tum
340 2413 494 2481 titionum
514 2408 581 2500 lege
607 2404 750 2476 naturali
773 2420 993 2498 preceptorum
1022 2402 1065 2486 ὅ
1082 2411 1252 2479 vetitorum

256 2506 439 2601 discrimen,
475 2507 661 2576 tumetium
682 2517 891 2587 momentum,
930 2506 1009 2597 guod
1032 2505 1094 2577 illae
1111 2508 1153 2576 od
1166 2504 1251 2600 seli·

251 2611 397 2686 citatem,
432 2605 478 2675 lsae
505 2602 550 2672 od
570 2598 729 2694 miserium
755 2597 961 2694 atcefflmlom
985 2601 1164 2693 conferunt,
1196 2629 1247 2676 no·

250 2707 298 2774 bis
332 2699 531 2796 declaratur)
569 2703 655 2770 iutro
682 2696 838 2792 spheram
877 2699 988 2798 nostru
1023 2699 1248 2795 observationis

246 2799 405 2896 posuerim
436 2822 505 2870 oum
530 2797 654 2890 denique
686 2798 766 2868 idem
799 2796 895 2868 Deus
923 2796 1119 2891 fucultatem
1156 2803 1243 2872 uobis
1277 2796 1279 2800 ’

249 2900 432 2970 rotiouulem
458 2893 652 2989 coucefforit,
682 2898 771 2990 cujus
799 2897 879 2966 teilo
911 2894 981 2988 usu.
1025 2900 1059 2968 in
1083 2921 1133 2968 tes
1161 2902 1246 2969 ubl·
1313 2910 1316 2918 '

234 3015 300 3068 ¹tos
327 2993 504 3094 rejiciere,
541 3010 631 3087 utque
655 3017 696 3064 ex
718 2994 826 3064 iisdem
856 2989 1050 3083 observatis,
1086 3019 1124 3066 oo
1132 2994 1244 3088 seolulo

250 3100 333 3165 inter
352 3092 390 3185 se
411 3095 557 3176 collutis,
598 3097 691 3162 ueros
724 3105 882 3181 certosque
917 3093 954 3161 ole
982 3094 1147 3162 Altionum
1192 3119 1246 3163 uo·

243 3193 387 3289 flroeum
417 3191 619 3272 moralitate,
655 3205 745 3282 utque
770 3189 845 3259 odeo
870 3191 1036 3260 moralibus
1061 3187 1244 3282 effeiiilus,
1282 3208 1286 3215 ·

253 3285 452 3376 sonolufioues
476 3288 614 3357 deducent
638 3288 829 3371 uuleomu53
869 3302 957 3379 potet
995 3285 1111 3376 Legem
1141 3290 1271 3358 Nutu·-

252 3386 355 3458 talem
395 3382 461 3478 effe
484 3404 589 3454 uerum
615 3378 657 3462 E?
688 3386 810 3477 proprio
834 3379 930 3475 seusu
960 3387 1006 3453 ito
1031 3381 1145 3450 duosam
1183 3388 1246 3455 Le·

250 3506 332 3578 gem
361 3481 547 3565 Divinam,
587 3494 686 3571 utpote
707 3484 749 3550 ob
773 3476 836 3574 ipso
863 3480 943 3552 Duo
963 3476 1109 3571 juffom,
1132 3477 1245 3576 sunsi-
1358 3525 1374 3552 .

250 3598 319 3655 tum
344 3576 388 3662 &⁹
406 3577 653 3674 promulgatam.

297 3773 391 3849 XXI.
418 3771 607 3866 Disciplina
633 3792 725 3853 veto,
752 3793 826 3860 quae
849 3769 950 3864 Legis
964 3769 1138 3844 Naturalis
1156 3773 1243 3846 Prae·

250 3894 353 3964 cepto
378 3873 504 3959 tradit,
540 3893 606 3964 qua
632 3871 731 3952 talia,
758 3871 792 3939 iol
812 3870 877 3964 est,
902 3872 958 3938 illo
983 3894 1021 3942 ex
1046 3869 1110 3963 ipso
1136 3894 1241 3946 rerum

250 3991 365 4088 mutuno
380 3974 474 4089 isui
498 3995 536 4045 oc
563 3967 781 4067 demonstran
807 3968 877 4064 Js've
896 3972 991 4062 'quot
1011 3983 1110 4042 eou'en
1140 3972 1235 4060 tedis,

1165 4093 1241 4175 quae
