3000 5150
235 454 285 523 26
433 442 626 518 Goarr.
660 442 817 518 Gutta.
860 442 1021 519 Tartt

276 619 305 720 i.
333 641 393 715 77.
418 617 473 691 Ad
489 619 574 694 iliius
589 618 716 710 species
733 615 879 713 pertinet
896 618 1120 705 Oeconomico,
1133 620 1221 695 Pro·

229 722 332 795 dontio
359 722 477 801 decori,
502 720 637 805 doridi,
667 738 704 788 ut
729 715 768 789 dt
792 718 978 809 conjeuanoi
998 714 1163 813 affluar,
1194 721 1219 794 sr

228 827 336 892 modo
353 824 426 901 haec
446 840 565 890 revera
583 820 704 902 datur,
737 816 792 887 illa
814 837 900 885 vero
924 820 1049 908 poterit
1073 814 1139 891 effe
1167 819 1220 889 (i-

231 920 326 1000 uilis,
351 914 389 989 dt
409 916 588 999 Militarisr
617 912 806 1007 Transienr,
821 931 898 1010 qum
913 931 1068 1001 exteros,
1095 914 1133 990 ὅι
1147 916 1220 988 Iot-

232 1037 389 1099 monenr,
424 1032 499 1106 quae
532 1012 708 1085 civitatem
736 1010 841 1101 ipsam
864 1009 1025 1101 respicit,
1060 1012 1118 1085 sub
1148 1035 1220 1108 qua

231 1110 415 1185 Prudentia
440 1110 685 1204 Legisiarorio,
701 1105 927 1201 consultatoria
949 1105 987 1180 ὅι
1016 1112 1221 1186 Oeconomico

231 1211 267 1282 in
288 1210 397 1300 specie
414 1211 619 1280 continetur.

281 1306 310 1404 ᾖ.
348 1315 406 1398 78.
441 1308 496 1376 De
525 1322 650 1375 caetero
687 1300 812 1395 regular
847 1302 999 1376 utilitatis
1026 1326 1098 1377 non
1132 1305 1221 1379 adeo

234 1423 338 1478 certae
355 1406 445 1489 sunt,
473 1401 655 1493 respiciunt
673 1402 764 1470 enim
780 1398 979 1497 plerumque
998 1421 1146 1477 eventus
1168 1402 1222 1475 fu·

234 1522 360 1586 turos,
386 1521 426 1569 ac
453 1521 471 1567 a
497 1495 633 1569 foruna
654 1496 866 1591 aliorumque
889 1501 1026 1572 arbitrio
1054 1522 1224 1595 exparte

139 1670 141 1673 .
234 1598 486 1688 dependentes,
512 1593 595 1665 hinc
623 1615 869 1688 nonnunquam
893 1596 1007 1669 media
1032 1599 1225 1696 incongrua

234 1698 454 1781 adhibentur,
480 1694 535 1765 vel
554 1691 647 1766 reete
669 1691 861 1766 elediorum
886 1696 960 1769 vim
984 1696 1077 1770 casus
1092 1698 1223 1795 impro-

235 1792 327 1868 visus
344 1791 448 1864 eitdit.

283 1890 312 1988 ᾖ.
341 1910 398 1979 79.
426 1890 559 1960 Dantur
584 1906 699 1961 tamen
728 1889 793 1963 itae
816 1891 850 1965 in
876 1916 913 1964 re
935 1892 1077 1986 gradus,
1104 1892 1144 1969 dt
1167 1894 1227 1967 aii·

236 1992 371 2086 quando
388 1988 576 2058 Prudentiae
599 1987 736 2059 decreta
760 1990 835 2062 satir
851 1990 925 2064 sunt
948 2010 1065 2076 certa,
1094 1990 1225 2065 fiscili-

236 2107 294 2159 cet
318 2080 474 2159 anostro
499 2105 633 2157 tantum
661 2088 803 2160 arbitrio
828 2087 978 2163 utilitatis
1002 2087 1149 2162 ditottto
1167 2090 1227 2164 de·

235 2184 395 2279 pendeat.
447 2183 506 2262 Sic
528 2182 713 2256 didiamina
733 2184 956 2275 Prudentiae,
990 2208 1067 2282 quae
1093 2188 1227 2285 Reipu-

234 2284 335 2357 blicae
353 2281 438 2355 finer
455 2281 561 2376 probe
584 2283 728 2369 muniti,
754 2285 904 2357 validum
930 2285 1228 2383 exercitatumque
1271 2298 1274 2307 '

236 2382 380 2455 militem
396 2381 618 2454 defendendae
635 2381 768 2464 civitati
788 2382 983 2478 alijubent,
1010 2384 1049 2457 dt
1074 2386 1149 2479 ejus
1168 2407 1228 2481 ge·

87 2504 90 2516 ·
183 2568 186 2575 ¹
239 2479 426 2565 neritaiia,
449 2480 654 2565 certasunt,
680 2481 720 2552 iis
745 2486 839 2553 enirn
865 2481 1071 2587 observatis,
1098 2483 1230 2557 utilitas

240 2582 353 2669 aliqua
374 2598 472 2651 certo
498 2577 656 2670 sequitur.
951 2665 955 2674 Ι

289 2674 317 2773 §.
355 2683 412 2753 80.
446 2676 535 2775 Quia
562 2681 675 2746 autem
691 2692 774 2746 tam
798 2675 864 2746 late
894 2694 993 2769 patet
1017 2676 1230 2768 Prudentia,

240 2797 282 2849 oc
307 2775 380 2869 ejus
407 2773 545 2847 decreta
567 2773 769 2868 pierumque
791 2772 999 2846 incertitudo
1024 2774 1232 2866 comitator,

240 2873 323 2946 hinc
344 2874 402 2945 virt
419 2871 455 2943 in
472 2871 620 2944 formam
642 2875 720 2942 artis
745 2873 801 2942 iiia
816 2873 921 2969 redigi
942 2873 1072 2968 potest,
1098 2895 1157 2948 aut
1182 2893 1234 2945 ta·

238 2974 272 3046 ie
291 2972 371 3065 quid
388 2969 521 3053 moliri,
551 2990 665 3066 operae
688 2967 738 3041 est
756 2969 927 3064 pretium
953 2994 1033 3042 narn
1058 2971 1235 3066 generales

242 3067 394 3142 utiiitatis
423 3069 572 3164 reguiae,
600 3066 649 3138 uti
672 3090 692 3139 a
719 3067 845 3162 quovis
871 3070 971 3142 facile
995 3071 1122 3144 confici
1149 3089 1232 3165 pos·

241 3167 336 3254 sunt,
360 3171 406 3241 ita
433 3190 552 3258 parurn
578 3167 748 3256 prosunt,
776 3167 935 3259 speciales
963 3191 1074 3256 veto,
1107 3169 1234 3242 intuitu

243 3265 457 3340 infinitorum
492 3262 734 3357 objettorum,
770 3264 806 3336 in
833 3267 901 3336 vita
929 3265 1024 3340 civiti
1051 3287 1237 3338 occurren·

247 3368 358 3450 tium,
393 3362 545 3450 tradere,
572 3364 668 3434 unius
698 3381 759 3433 aut
784 3364 1026 3437 nonnullorum
1052 3365 1236 3437 homiuum

246 3483 388 3553 captum
409 3486 452 3535 ac
467 3460 716 3554 experientiam
733 3461 880 3539 excedit.

295 3557 328 3656 5.
356 3571 414 3638 81.
448 3558 508 3633 Est
537 3560 639 3655 igitur
667 3560 743 3630 haec
772 3583 824 3632 ret
855 3560 1011 3658 cujusvis
1034 3562 1168 3659 judicio
1196 3559 1237 3634 dt

248 3657 472 3750 experientia
501 3661 616 3752 potior
640 3658 885 3753 relinquenda,
918 3683 974 3749 ur,
1008 3683 1074 3754 pro
1105 3658 1239 3734 ratione

249 3755 355 3830 statur
382 3756 456 3840 sui,
490 3761 621 3851 regulas
652 3761 877 3849 procurandae
901 3761 1051 3832 utilitatis
1081 3758 1142 3832 stbi
1167 3756 1238 3830 for·

249 3874 341 3942 met,
376 3853 487 3944 qualia
510 3853 694 3927 dithmina
720 3881 854 3951 quoque
879 3857 981 3930 literis
1011 3856 1240 3955 consignate,

250 3972 353 4043 atque
383 3951 430 4022 ita
464 3973 525 4041 per
561 3972 670 4042 partes
699 3954 917 4025 Prudentiam
944 3958 1106 4028 excolere
1136 3955 1239 4040 iicet,

253 4040 387 4144 possunt
402 4049 505 4120 etiam
526 4047 692 4143 ejusmodi
709 4050 847 4124 decreta
862 4051 1144 4150 Jurisprudeutiae
1157 4051 1242 4124 hine

252 4146 472 4226 inde'inseri.‘
886 4148 890 4155 ’
1125 4148 1155 4252 §·
1182 4156 1242 4228 82·
