<?xml version="1.0" encoding="UTF-8"?>
<!DOCTYPE html PUBLIC "-//W3C//DTD XHTML 1.0 Transitional//EN"
    "http://www.w3.org/TR/xhtml1/DTD/xhtml1-transitional.dtd">
<html xmlns="http://www.w3.org/1999/xhtml" xml:lang="en" lang="en">
 <head>
  <title>
</title>
<meta http-equiv="Content-Type" content="text/html;charset=utf-8" />
  <meta name='ocr-system' content='tesseract 3.04.00' />
  <meta name='ocr-capabilities' content='ocr_page ocr_carea ocr_par ocr_line ocrx_word'/>
</head>
<body>
  <div class='ocr_page' id='page_1' title='image "./spufendorfiideo01pufegoog_0312.png"; bbox 0 0 3000 5150; ppageno 0'>
   <div class='ocr_carea' id='block_1_1' title="bbox 265 468 1102 570">
    <p class='ocr_par' dir='ltr' id='par_1_1' title="bbox 265 468 1102 570">
     <span class='ocr_line' id='line_1_1' title="bbox 265 468 1102 570; baseline 0.007 -29"><span class='ocrx_word' id='word_1_1' title='bbox 265 487 338 570; x_wconf 70' lang='lat' dir='ltr'><strong>aon</strong></span> <span class='ocrx_word' id='word_1_2' title='bbox 447 468 516 542; x_wconf 80' lang='lat' dir='ltr'><strong>Du</strong></span> <span class='ocrx_word' id='word_1_3' title='bbox 564 469 803 544; x_wconf 82' lang='lat' dir='ltr'><strong>Orrrcro</strong></span> <span class='ocrx_word' id='word_1_4' title='bbox 853 472 1102 547; x_wconf 83' lang='lat' dir='ltr'><strong>Houruta</strong></span> 
     </span>
    </p>
   </div>
   <div class='ocr_carea' id='block_1_2' title="bbox 238 639 1254 1125">
    <p class='ocr_par' dir='ltr' id='par_1_2' title="bbox 272 639 1249 738">
     <span class='ocr_line' id='line_1_2' title="bbox 272 639 1249 738; baseline 0 -21"><span class='ocrx_word' id='word_1_5' title='bbox 272 656 375 734; x_wconf 75' lang='lat' dir='ltr'><strong>storin</strong></span> <span class='ocrx_word' id='word_1_6' title='bbox 397 643 501 734; x_wconf 88' lang='lat' dir='ltr'><strong>ejus,</strong></span> <span class='ocrx_word' id='word_1_7' title='bbox 544 645 603 715; x_wconf 83' lang='lat' dir='ltr'><strong>abs</strong></span> <span class='ocrx_word' id='word_1_8' title='bbox 630 667 697 738; x_wconf 90' lang='lat' dir='ltr'><strong>quo</strong></span> <span class='ocrx_word' id='word_1_9' title='bbox 715 639 854 716; x_wconf 79' lang='lat' dir='ltr'><strong>&#39;malum</strong></span> <span class='ocrx_word' id='word_1_10' title='bbox 890 643 991 716; x_wconf 81' lang='lat' dir='ltr'><strong>nobis</strong></span> <span class='ocrx_word' id='word_1_11' title='bbox 1022 645 1249 737; x_wconf 78' lang='lat' dir='ltr'>imminebat,</span> 
     </span>
    </p>

    <p class='ocr_par' dir='ltr' id='par_1_3' title="bbox 238 739 1254 1125">
     <span class='ocr_line' id='line_1_3' title="bbox 238 739 1250 831; baseline 0.001 -19"><span class='ocrx_word' id='word_1_12' title='bbox 238 811 240 821; x_wconf 86' lang='grc'>,</span> <span class='ocrx_word' id='word_1_13' title='bbox 273 744 354 822; x_wconf 89' lang='lat' dir='ltr'><strong>dum</strong></span> <span class='ocrx_word' id='word_1_14' title='bbox 372 739 565 829; x_wconf 86' lang='lat' dir='ltr'><strong>efficimus,</strong></span> <span class='ocrx_word' id='word_1_15' title='bbox 593 761 628 813; x_wconf 87' lang='lat' dir='ltr'><strong>ut</strong></span> <span class='ocrx_word' id='word_1_16' title='bbox 645 744 675 813; x_wconf 88' lang='lat' dir='ltr'><strong>ei</strong></span> <span class='ocrx_word' id='word_1_17' title='bbox 695 765 821 831; x_wconf 70' lang='lat' dir='ltr'><strong>auceps</strong></span> <span class='ocrx_word' id='word_1_18' title='bbox 837 761 894 814; x_wconf 84' lang='lat' dir='ltr'><strong>aut</strong></span> <span class='ocrx_word' id='word_1_19' title='bbox 910 741 1133 815; x_wconf 83' lang='lat' dir='ltr'><strong>formidolosa</strong></span> <span class='ocrx_word' id='word_1_20' title='bbox 1149 744 1250 815; x_wconf 85' lang='lat' dir='ltr'><strong>nostri</strong></span> 
     </span>
     <span class='ocr_line' id='line_1_4' title="bbox 271 837 1252 926; baseline -0.002 -16"><span class='ocrx_word' id='word_1_21' title='bbox 271 837 404 910; x_wconf 78' lang='lat' dir='ltr'><strong>invasio</strong></span> <span class='ocrx_word' id='word_1_22' title='bbox 439 838 616 926; x_wconf 80' lang='lat' dir='ltr'><strong>uideatut3</strong></span> <span class='ocrx_word' id='word_1_23' title='bbox 655 859 723 909; x_wconf 78' lang='lat' dir='ltr'><strong>vet</strong></span> <span class='ocrx_word' id='word_1_24' title='bbox 755 862 827 912; x_wconf 84' lang='lat' dir='ltr'><strong>cunr</strong></span> <span class='ocrx_word' id='word_1_25' title='bbox 859 864 971 913; x_wconf 84' lang='lat' dir='ltr'><strong>tsrrut</strong></span> <span class='ocrx_word' id='word_1_26' title='bbox 1004 862 1165 912; x_wconf 73' lang='lat' dir='ltr'><strong>taurona</strong></span> <span class='ocrx_word' id='word_1_27' title='bbox 1198 860 1252 909; x_wconf 86' lang='lat' dir='ltr'><strong>aut</strong></span> 
     </span>
     <span class='ocr_line' id='line_1_5' title="bbox 274 935 1254 1035; baseline 0.003 -28"><span class='ocrx_word' id='word_1_28' title='bbox 274 936 467 1029; x_wconf 85' lang='lat' dir='ltr'><strong>pernicie.</strong></span> <span class='ocrx_word' id='word_1_29' title='bbox 496 938 588 1008; x_wconf 85' lang='lat' dir='ltr'>Prior</span> <span class='ocrx_word' id='word_1_30' title='bbox 614 941 734 1007; x_wconf 84' lang='lat' dir='ltr'><strong>mutius</strong></span> <span class='ocrx_word' id='word_1_31' title='bbox 762 935 907 1029; x_wconf 89' lang='lat' dir='ltr'><strong>quiusu</strong></span> <span class='ocrx_word' id='word_1_32' title='bbox 936 938 1046 1009; x_wconf 83' lang='lat' dir='ltr'><strong>licitus</strong></span> <span class='ocrx_word' id='word_1_33' title='bbox 1058 939 1254 1035; x_wconf 82' lang='lat' dir='ltr'><strong>,omnique</strong></span> 
     </span>
     <span class='ocr_line' id='line_1_6' title="bbox 275 1035 955 1125; baseline 0.003 -20"><span class='ocrx_word' id='word_1_34' title='bbox 275 1055 422 1125; x_wconf 85' lang='lat' dir='ltr'><strong>peccato</strong></span> <span class='ocrx_word' id='word_1_35' title='bbox 443 1055 565 1123; x_wconf 87' lang='lat' dir='ltr'><strong>vacet,</strong></span> <span class='ocrx_word' id='word_1_36' title='bbox 591 1035 729 1106; x_wconf 89' lang='lat' dir='ltr'><strong>dubium</strong></span> <span class='ocrx_word' id='word_1_37' title='bbox 749 1056 820 1105; x_wconf 88' lang='lat' dir='ltr'><strong>uon</strong></span> <span class='ocrx_word' id='word_1_38' title='bbox 843 1035 955 1110; x_wconf 83' lang='lat' dir='ltr'><strong>habet</strong></span> 
     </span>
    </p>
   </div>
   <div class='ocr_carea' id='block_1_3' title="bbox 457 1222 1141 1325">
    <p class='ocr_par' dir='ltr' id='par_1_4' title="bbox 457 1222 1141 1325">
     <span class='ocr_line' id='line_1_7' title="bbox 457 1222 1141 1325; baseline 0 -24"><span class='ocrx_word' id='word_1_39' title='bbox 457 1222 1064 1325; x_wconf 73' lang='lat' dir='ltr'><strong>J.N.&amp;G.i.11.c.5.n.1.</strong></span> <span class='ocrx_word' id='word_1_40' title='bbox 1127 1226 1141 1237; x_wconf 87' lang='lat'>&#39;</span> 
     </span>
    </p>
   </div>
   <div class='ocr_carea' id='block_1_4' title="bbox 124 1439 1258 1662">
    <p class='ocr_par' dir='ltr' id='par_1_5' title="bbox 124 1439 1258 1662">
     <span class='ocr_line' id='line_1_8' title="bbox 124 1439 1257 1662; baseline 0.002 -149"><span class='ocrx_word' id='word_1_41' title='bbox 124 1462 220 1662; x_wconf 50' lang='lat' dir='ltr'><strong>citii</strong></span> <span class='ocrx_word' id='word_1_42' title='bbox 327 1442 430 1516; x_wconf 83' lang='lat' dir='ltr'><strong>Enim</strong></span> <span class='ocrx_word' id='word_1_43' title='bbox 449 1464 534 1515; x_wconf 89' lang='lat' dir='ltr'><strong>vero</strong></span> <span class='ocrx_word' id='word_1_44' title='bbox 553 1442 643 1517; x_wconf 84' lang='lat' dir='ltr'><strong>citra</strong></span> <span class='ocrx_word' id='word_1_45' title='bbox 661 1440 884 1538; x_wconf 85' lang='lat' dir='ltr'><strong>posteriorem</strong></span> <span class='ocrx_word' id='word_1_46' title='bbox 911 1439 983 1536; x_wconf 80' lang='lat' dir='ltr'><strong>(l)</strong></span> <span class='ocrx_word' id='word_1_47' title='bbox 1011 1441 1152 1537; x_wconf 88' lang='lat' dir='ltr'><strong>modum</strong></span> <span class='ocrx_word' id='word_1_48' title='bbox 1175 1443 1257 1516; x_wconf 83' lang='lat' dir='ltr'><strong>ictu·</strong></span> 
     </span>
     <span class='ocr_line' id='line_1_9' title="bbox 151 1562 1258 1642; baseline -0.002 -3"><span class='ocrx_word' id='word_1_49' title='bbox 151 1593 206 1642; x_wconf 86' lang='lat' dir='ltr'><strong>icita</strong></span> <span class='ocrx_word' id='word_1_50' title='bbox 221 1562 228 1600; x_wconf 57' lang='lat'><strong>&#39;⁸</strong></span> <span class='ocrx_word' id='word_1_51' title='bbox 1202 1567 1258 1637; x_wconf 65' lang='lat' dir='ltr'><strong>Pu*</strong></span> 
     </span>
    </p>
   </div>
   <div class='ocr_carea' id='block_1_5' title="bbox 222 1747 1273 4328">
    <p class='ocr_par' dir='ltr' id='par_1_6' title="bbox 277 1747 1264 1813">
     <span class='ocr_line' id='line_1_10' title="bbox 277 1747 1264 1813; baseline -0.004 -10"><span class='ocrx_word' id='word_1_52' title='bbox 277 1765 360 1812; x_wconf 84' lang='lat' dir='ltr'><strong>eoque</strong></span> <span class='ocrx_word' id='word_1_53' title='bbox 381 1754 756 1807; x_wconf 84' lang='lat' dir='ltr'><strong>veldolosoveloondoio·</strong></span> <span class='ocrx_word' id='word_1_54' title='bbox 780 1747 979 1800; x_wconf 70' lang='lat' dir='ltr'><strong>decrostando</strong></span> <span class='ocrx_word' id='word_1_55' title='bbox 1003 1750 1029 1813; x_wconf 93' lang='lat' dir='ltr'><strong>J.</strong></span> <span class='ocrx_word' id='word_1_56' title='bbox 1046 1750 1075 1799; x_wconf 81' lang='grc' dir='ltr'><strong>Β.</strong></span> <span class='ocrx_word' id='word_1_57' title='bbox 1093 1751 1162 1800; x_wconf 70' lang='grc' dir='ltr'><strong>Η.</strong></span> <span class='ocrx_word' id='word_1_58' title='bbox 1176 1754 1217 1801; x_wconf 76' lang='lat' dir='ltr'><strong>lib</strong></span> <span class='ocrx_word' id='word_1_59' title='bbox 1235 1750 1264 1801; x_wconf 81' lang='lat' dir='ltr'><strong>ll.</strong></span> 
     </span>
    </p>

    <p class='ocr_par' dir='ltr' id='par_1_7' title="bbox 222 1815 1273 4328">
     <span class='ocr_line' id='line_1_11' title="bbox 280 1815 1024 1876; baseline -0.008 -11"><span class='ocrx_word' id='word_1_60' title='bbox 280 1817 458 1874; x_wconf 85' lang='lat' dir='ltr'><strong>socxcitarur,</strong></span> <span class='ocrx_word' id='word_1_61' title='bbox 477 1816 756 1876; x_wconf 73' lang='lat' dir='ltr'><strong>vulfinaejurfat‘loeui·</strong></span> <span class='ocrx_word' id='word_1_62' title='bbox 788 1825 835 1872; x_wconf 81' lang='lat' dir='ltr'><strong>cp.</strong></span> <span class='ocrx_word' id='word_1_63' title='bbox 857 1826 876 1859; x_wconf 92' lang='lat' dir='ltr'><strong>t</strong></span> <span class='ocrx_word' id='word_1_64' title='bbox 893 1815 1024 1860; x_wconf 71' lang='lat' dir='ltr'><strong>Caunum.</strong></span> 
     </span>
     <span class='ocr_line' id='line_1_12' title="bbox 277 1875 1263 1940; baseline -0.003 -13"><span class='ocrx_word' id='word_1_65' title='bbox 277 1880 337 1940; x_wconf 83' lang='lat' dir='ltr'><strong>illt,</strong></span> <span class='ocrx_word' id='word_1_66' title='bbox 368 1881 408 1938; x_wconf 88' lang='lat' dir='ltr'><strong>qui</strong></span> <span class='ocrx_word' id='word_1_67' title='bbox 432 1879 499 1926; x_wconf 83' lang='lat' dir='ltr'><strong>casus</strong></span> <span class='ocrx_word' id='word_1_68' title='bbox 526 1880 756 1937; x_wconf 80' lang='lat' dir='ltr'><strong>alterolatiuspu-</strong></span> <span class='ocrx_word' id='word_1_69' title='bbox 820 1878 901 1936; x_wconf 75' lang='lat' dir='ltr'><strong>§.xl</strong></span> <span class='ocrx_word' id='word_1_70' title='bbox 921 1877 984 1922; x_wconf 80' lang='lat' dir='ltr'><strong>&#39;ires</strong></span> <span class='ocrx_word' id='word_1_71' title='bbox 1005 1875 1263 1929; x_wconf 65' lang='lat' dir='ltr'><strong>l&#39;otmatobiedtiouer</strong></span> 
     </span>
     <span class='ocr_line' id='line_1_13' title="bbox 278 1939 1265 2001; baseline -0.005 -11"><span class='ocrx_word' id='word_1_72' title='bbox 278 1954 334 2001; x_wconf 88' lang='lat' dir='ltr'><strong>ter,</strong></span> <span class='ocrx_word' id='word_1_73' title='bbox 351 1943 430 1988; x_wconf 83' lang='lat' dir='ltr'><strong>acad</strong></span> <span class='ocrx_word' id='word_1_74' title='bbox 453 1942 609 2000; x_wconf 74' lang='lat' dir='ltr'>philantiam,</span> <span class='ocrx_word' id='word_1_75' title='bbox 632 1942 757 1989; x_wconf 83' lang='lat' dir='ltr'><strong>secumi</strong></span> <span class='ocrx_word' id='word_1_76' title='bbox 789 1941 908 1989; x_wconf 82' lang='lat' dir='ltr'><strong>adversos</strong></span> <span class='ocrx_word' id='word_1_77' title='bbox 919 1939 1083 1985; x_wconf 77' lang='lat' dir='ltr'><strong>delenirem</strong></span> <span class='ocrx_word' id='word_1_78' title='bbox 1104 1943 1197 2000; x_wconf 79' lang='lat' dir='ltr'><strong>obiiti,</strong></span> <span class='ocrx_word' id='word_1_79' title='bbox 1214 1943 1265 1989; x_wconf 88' lang='lat' dir='ltr'><strong>cuni</strong></span> 
     </span>
     <span class='ocr_line' id='line_1_14' title="bbox 278 1977 1265 2080; baseline 0.001 -29"><span class='ocrx_word' id='word_1_80' title='bbox 278 2005 323 2065; x_wconf 86' lang='lat' dir='ltr'><strong>psa</strong></span> <span class='ocrx_word' id='word_1_81' title='bbox 339 2004 463 2061; x_wconf 75' lang='lat' dir='ltr'><strong>collisam,</strong></span> <span class='ocrx_word' id='word_1_82' title='bbox 488 2004 668 2080; x_wconf 62' lang='lat' dir='ltr'><strong>eretigionem</strong></span> <span class='ocrx_word' id='word_1_83' title='bbox 683 2011 758 2051; x_wconf 82' lang='lat' dir='ltr'><strong>etlam</strong></span> <span class='ocrx_word' id='word_1_84' title='bbox 790 2004 889 2049; x_wconf 88' lang='lat' dir='ltr'><strong>alterius</strong></span> <span class='ocrx_word' id='word_1_85' title='bbox 910 2002 1072 2050; x_wconf 66' lang='lat' dir='ltr'><strong>destructione</strong></span> <span class='ocrx_word' id='word_1_86' title='bbox 1092 1977 1265 2078; x_wconf 53' lang='lat' dir='ltr'><strong>conjudicem</strong></span> 
     </span>
     <span class='ocr_line' id='line_1_15' title="bbox 278 2064 1266 2128; baseline -0.001 -13"><span class='ocrx_word' id='word_1_87' title='bbox 278 2067 407 2128; x_wconf 83' lang='lat' dir='ltr'><strong>pertinet,</strong></span> <span class='ocrx_word' id='word_1_88' title='bbox 443 2076 469 2115; x_wconf 86' lang='lat' dir='ltr'><strong>ut</strong></span> <span class='ocrx_word' id='word_1_89' title='bbox 502 2068 621 2126; x_wconf 82' lang='lat' dir='ltr'><strong>deinceps</strong></span> <span class='ocrx_word' id='word_1_90' title='bbox 654 2082 757 2127; x_wconf 78' lang='lat' dir='ltr'><strong>appare·</strong></span> <span class='ocrx_word' id='word_1_91' title='bbox 790 2064 1113 2112; x_wconf 81' lang='lat' dir='ltr'><strong>setladsecundamtautum</strong></span> <span class='ocrx_word' id='word_1_92' title='bbox 1125 2067 1266 2127; x_wconf 80' lang='lat' dir='ltr'><strong>,ecuprio-</strong></span> 
     </span>
     <span class='ocr_line' id='line_1_16' title="bbox 278 2129 1264 2189; baseline 0.003 -16"><span class='ocrx_word' id='word_1_93' title='bbox 278 2131 324 2179; x_wconf 84' lang='lat' dir='ltr'><strong>bit.</strong></span> <span class='ocrx_word' id='word_1_94' title='bbox 790 2130 909 2185; x_wconf 83' lang='lat' dir='ltr'><strong>cipalem,</strong></span> <span class='ocrx_word' id='word_1_95' title='bbox 924 2129 1064 2183; x_wconf 77' lang='lat' dir='ltr'>respondet.</span> <span class='ocrx_word' id='word_1_96' title='bbox 1097 2129 1264 2189; x_wconf 73' lang='lat' dir='ltr'><strong>nlagisproti·</strong></span> 
     </span>
     <span class='ocr_line' id='line_1_17' title="bbox 313 2191 1263 2253; baseline -0.001 -12"><span class='ocrx_word' id='word_1_97' title='bbox 313 2207 336 2241; x_wconf 82' lang='lat' dir='ltr'><strong>a.</strong></span> <span class='ocrx_word' id='word_1_98' title='bbox 354 2193 378 2241; x_wconf 81' lang='lat' dir='ltr'><strong>si</strong></span> <span class='ocrx_word' id='word_1_99' title='bbox 398 2192 465 2242; x_wconf 72' lang='lat' dir='ltr'><strong>sudio</strong></span> <span class='ocrx_word' id='word_1_100' title='bbox 487 2194 575 2241; x_wconf 85' lang='lat' dir='ltr'><strong>doloso</strong></span> <span class='ocrx_word' id='word_1_101' title='bbox 598 2193 712 2252; x_wconf 73' lang='lat' dir='ltr'><strong>philautia</strong></span> <span class='ocrx_word' id='word_1_102' title='bbox 735 2195 758 2242; x_wconf 75' lang='lat' dir='ltr'><strong>dt</strong></span> <span class='ocrx_word' id='word_1_103' title='bbox 789 2205 820 2238; x_wconf 88' lang='lat' dir='ltr'><strong>rte</strong></span> <span class='ocrx_word' id='word_1_104' title='bbox 837 2192 1017 2253; x_wconf 80' lang='lat' dir='ltr'><strong>Grotiuter</strong></span> <span class='ocrx_word' id='word_1_105' title='bbox 1034 2193 1062 2238; x_wconf 83' lang='lat' dir='ltr'><strong>B.</strong></span> <span class='ocrx_word' id='word_1_106' title='bbox 1080 2191 1105 2238; x_wconf 63' lang='grc' dir='ltr'><em>ὃ</em></span> <span class='ocrx_word' id='word_1_107' title='bbox 1125 2196 1154 2240; x_wconf 81' lang='lat' dir='ltr'><strong>P.</strong></span> <span class='ocrx_word' id='word_1_108' title='bbox 1174 2195 1191 2242; x_wconf 92' lang='lat' dir='ltr'><strong>i.</strong></span> <span class='ocrx_word' id='word_1_109' title='bbox 1207 2207 1252 2240; x_wconf 80' lang='lat' dir='ltr'><strong>r</strong></span> <span class='ocrx_word' id='word_1_110' title='bbox 1242 2226 1263 2241; x_wconf 89' lang='lat'><strong>..</strong></span> 
     </span>
     <span class='ocr_line' id='line_1_18' title="bbox 280 2252 1264 2316; baseline -0.008 -9"><span class='ocrx_word' id='word_1_111' title='bbox 280 2257 404 2308; x_wconf 74' lang='lat' dir='ltr'><strong>socialius</strong></span> <span class='ocrx_word' id='word_1_112' title='bbox 435 2258 583 2316; x_wconf 81' lang='lat' dir='ltr'><strong>collidatur,</strong></span> <span class='ocrx_word' id='word_1_113' title='bbox 615 2271 664 2304; x_wconf 93' lang='lat' dir='ltr'><strong>tum</strong></span> <span class='ocrx_word' id='word_1_114' title='bbox 693 2257 758 2305; x_wconf 83' lang='lat' dir='ltr'><strong>illius</strong></span> <span class='ocrx_word' id='word_1_115' title='bbox 780 2252 1194 2314; x_wconf 69' lang='lat' dir='ltr'><strong>·i.1.&amp;feqq.&amp;ll.c.t.6.3.</strong></span> <span class='ocrx_word' id='word_1_116' title='bbox 1213 2268 1264 2304; x_wconf 87' lang='lat' dir='ltr'><strong>curu</strong></span> 
     </span>
     <span class='ocr_line' id='line_1_19' title="bbox 277 2318 1266 2380; baseline -0.002 -13"><span class='ocrx_word' id='word_1_117' title='bbox 277 2321 395 2380; x_wconf 83' lang='lat' dir='ltr'><strong>primario</strong></span> <span class='ocrx_word' id='word_1_118' title='bbox 411 2321 457 2367; x_wconf 84' lang='lat' dir='ltr'><strong>elle</strong></span> <span class='ocrx_word' id='word_1_119' title='bbox 473 2322 606 2368; x_wconf 80' lang='lat' dir='ltr'>habendam</span> <span class='ocrx_word' id='word_1_120' title='bbox 621 2322 759 2380; x_wconf 85' lang='lat' dir='ltr'><strong>tationem,</strong></span> <span class='ocrx_word' id='word_1_121' title='bbox 789 2318 912 2363; x_wconf 82' lang='lat' dir='ltr'><strong>Cicerone</strong></span> <span class='ocrx_word' id='word_1_122' title='bbox 930 2320 969 2363; x_wconf 87' lang='lat' dir='ltr'><strong>lli.</strong></span> <span class='ocrx_word' id='word_1_123' title='bbox 984 2319 1009 2363; x_wconf 82' lang='lat' dir='ltr'><strong>da</strong></span> <span class='ocrx_word' id='word_1_124' title='bbox 1024 2318 1074 2365; x_wconf 78' lang='lat' dir='ltr'><strong>Fir.</strong></span> <span class='ocrx_word' id='word_1_125' title='bbox 1091 2332 1110 2363; x_wconf 83' lang='lat' dir='ltr'><strong>e.</strong></span> <span class='ocrx_word' id='word_1_126' title='bbox 1129 2321 1152 2366; x_wconf 85' lang='lat'><strong>6.</strong></span> <span class='ocrx_word' id='word_1_127' title='bbox 1170 2321 1266 2367; x_wconf 76' lang='lat' dir='ltr'><strong>morali-</strong></span> 
     </span>
     <span class='ocr_line' id='line_1_20' title="bbox 277 2380 1267 2442; baseline -0.004 -9"><span class='ocrx_word' id='word_1_128' title='bbox 277 2397 310 2433; x_wconf 74' lang='grc' dir='ltr'>ει</span> <span class='ocrx_word' id='word_1_129' title='bbox 325 2395 409 2431; x_wconf 86' lang='lat' dir='ltr'><strong>natura</strong></span> <span class='ocrx_word' id='word_1_130' title='bbox 430 2384 485 2432; x_wconf 85' lang='lat' dir='ltr'><strong>satis</strong></span> <span class='ocrx_word' id='word_1_131' title='bbox 500 2396 585 2441; x_wconf 82' lang='lat' dir='ltr'><strong>patet,</strong></span> <span class='ocrx_word' id='word_1_132' title='bbox 610 2386 715 2442; x_wconf 83' lang='lat' dir='ltr'><strong>quiaque</strong></span> <span class='ocrx_word' id='word_1_133' title='bbox 733 2398 758 2430; x_wconf 88' lang='lat' dir='ltr'><strong>e·</strong></span> <span class='ocrx_word' id='word_1_134' title='bbox 790 2392 863 2427; x_wconf 85' lang='lat' dir='ltr'><strong>tatem</strong></span> <span class='ocrx_word' id='word_1_135' title='bbox 888 2380 1035 2427; x_wconf 81' lang='lat' dir='ltr'><strong>desenssooia</strong></span> <span class='ocrx_word' id='word_1_136' title='bbox 1055 2381 1157 2439; x_wconf 78' lang='lat' dir='ltr'><strong>probat,</strong></span> <span class='ocrx_word' id='word_1_137' title='bbox 1181 2384 1267 2440; x_wconf 81' lang='lat' dir='ltr'><strong>partim</strong></span> 
     </span>
     <span class='ocr_line' id='line_1_21' title="bbox 224 2446 1268 2507; baseline 0 -14"><span class='ocrx_word' id='word_1_138' title='bbox 224 2460 225 2463; x_wconf 48' lang='lat'>¹</span> <span class='ocrx_word' id='word_1_139' title='bbox 277 2448 329 2494; x_wconf 83' lang='lat' dir='ltr'><strong>nint</strong></span> <span class='ocrx_word' id='word_1_140' title='bbox 343 2446 385 2493; x_wconf 84' lang='lat' dir='ltr'><strong>nbi</strong></span> <span class='ocrx_word' id='word_1_141' title='bbox 400 2446 441 2503; x_wconf 86' lang='lat' dir='ltr'><strong>ipst</strong></span> <span class='ocrx_word' id='word_1_142' title='bbox 458 2448 595 2503; x_wconf 79' lang='lat' dir='ltr'><strong>proximior</strong></span> <span class='ocrx_word' id='word_1_143' title='bbox 610 2448 661 2507; x_wconf 84' lang='lat' dir='ltr'><strong>eli,</strong></span> <span class='ocrx_word' id='word_1_144' title='bbox 686 2459 758 2503; x_wconf 84' lang='lat' dir='ltr'><strong>quant</strong></span> <span class='ocrx_word' id='word_1_145' title='bbox 790 2457 821 2490; x_wconf 80' lang='lat' dir='ltr'><strong>ex</strong></span> <span class='ocrx_word' id='word_1_146' title='bbox 839 2446 1106 2502; x_wconf 75' lang='lat' dir='ltr'><strong>priuirnararae,quae</strong></span> <span class='ocrx_word' id='word_1_147' title='bbox 1127 2450 1268 2493; x_wconf 86' lang='lat' dir='ltr'><strong>omoeani·</strong></span> 
     </span>
     <span class='ocr_line' id='line_1_22' title="bbox 280 2508 1269 2566; baseline 0 -9"><span class='ocrx_word' id='word_1_148' title='bbox 280 2509 346 2565; x_wconf 78' lang='lat' dir='ltr'><strong>aliu,-</strong></span> <span class='ocrx_word' id='word_1_149' title='bbox 371 2509 426 2557; x_wconf 81' lang='lat' dir='ltr'><strong>binc</strong></span> <span class='ocrx_word' id='word_1_150' title='bbox 450 2510 511 2556; x_wconf 86' lang='lat' dir='ltr'><strong>ratio</strong></span> <span class='ocrx_word' id='word_1_151' title='bbox 532 2511 651 2566; x_wconf 76' lang='lat' dir='ltr'><strong>insinuat,</strong></span> <span class='ocrx_word' id='word_1_152' title='bbox 674 2523 757 2557; x_wconf 86' lang='lat' dir='ltr'><strong>curam</strong></span> <span class='ocrx_word' id='word_1_153' title='bbox 790 2519 896 2564; x_wconf 82' lang='lat' dir='ltr'><strong>marum,</strong></span> <span class='ocrx_word' id='word_1_154' title='bbox 918 2519 943 2553; x_wconf 93' lang='lat' dir='ltr'><strong>ut</strong></span> <span class='ocrx_word' id='word_1_155' title='bbox 965 2519 1050 2553; x_wconf 88' lang='lat' dir='ltr'><strong>contra</strong></span> <span class='ocrx_word' id='word_1_156' title='bbox 1065 2508 1116 2553; x_wconf 89' lang='lat' dir='ltr'><strong>vim</strong></span> <span class='ocrx_word' id='word_1_157' title='bbox 1133 2511 1269 2564; x_wconf 73' lang='lat' dir='ltr'><strong>quamlibet</strong></span> 
     </span>
     <span class='ocr_line' id='line_1_23' title="bbox 278 2570 1269 2632; baseline -0.001 -11"><span class='ocrx_word' id='word_1_158' title='bbox 278 2573 315 2621; x_wconf 86' lang='lat' dir='ltr'><strong>sul</strong></span> <span class='ocrx_word' id='word_1_159' title='bbox 333 2572 404 2629; x_wconf 78' lang='lat' dir='ltr'><strong>ipsius</strong></span> <span class='ocrx_word' id='word_1_160' title='bbox 416 2573 502 2620; x_wconf 88' lang='lat' dir='ltr'><strong>ordine</strong></span> <span class='ocrx_word' id='word_1_161' title='bbox 513 2575 655 2632; x_wconf 79' lang='lat' dir='ltr'><strong>praecedere</strong></span> <span class='ocrx_word' id='word_1_162' title='bbox 675 2587 758 2622; x_wconf 87' lang='lat' dir='ltr'><strong>curam</strong></span> <span class='ocrx_word' id='word_1_163' title='bbox 788 2571 840 2618; x_wconf 85' lang='lat' dir='ltr'><strong>sese</strong></span> <span class='ocrx_word' id='word_1_164' title='bbox 856 2570 989 2628; x_wconf 74' lang='lat' dir='ltr'><strong>defendat,</strong></span> <span class='ocrx_word' id='word_1_165' title='bbox 1004 2583 1118 2618; x_wconf 85' lang='lat' dir='ltr'><strong>mouent:</strong></span> <span class='ocrx_word' id='word_1_166' title='bbox 1135 2575 1224 2629; x_wconf 83' lang='lat' dir='ltr'><strong>partito</strong></span> <span class='ocrx_word' id='word_1_167' title='bbox 1237 2587 1269 2620; x_wconf 83' lang='lat' dir='ltr'><strong>ex</strong></span> 
     </span>
     <span class='ocr_line' id='line_1_24' title="bbox 277 2633 1268 2695; baseline 0 -12"><span class='ocrx_word' id='word_1_168' title='bbox 277 2636 402 2691; x_wconf 86' lang='lat' dir='ltr'><strong>aliorum,</strong></span> <span class='ocrx_word' id='word_1_169' title='bbox 425 2639 546 2695; x_wconf 77' lang='lat' dir='ltr'><strong>actaeo,</strong></span> <span class='ocrx_word' id='word_1_170' title='bbox 568 2638 582 2683; x_wconf 81' lang='lat' dir='ltr'><strong>d</strong></span> <span class='ocrx_word' id='word_1_171' title='bbox 598 2648 702 2692; x_wconf 80' lang='lat' dir='ltr'><strong>utraque</strong></span> <span class='ocrx_word' id='word_1_172' title='bbox 721 2641 757 2683; x_wconf 89' lang='lat' dir='ltr'><strong>lo·</strong></span> <span class='ocrx_word' id='word_1_173' title='bbox 789 2635 961 2694; x_wconf 65' lang='lat' dir='ltr'><strong>construentibus</strong></span> <span class='ocrx_word' id='word_1_174' title='bbox 977 2646 1082 2690; x_wconf 71' lang='lat' dir='ltr'><strong>aarum,</strong></span> <span class='ocrx_word' id='word_1_175' title='bbox 1097 2633 1213 2691; x_wconf 70' lang='lat' dir='ltr'><strong>rectaque</strong></span> <span class='ocrx_word' id='word_1_176' title='bbox 1230 2650 1268 2684; x_wconf 86' lang='lat' dir='ltr'><strong>ra·</strong></span> 
     </span>
     <span class='ocr_line' id='line_1_25' title="bbox 278 2695 1269 2755; baseline 0.001 -11"><span class='ocrx_word' id='word_1_177' title='bbox 278 2711 336 2745; x_wconf 90' lang='lat' dir='ltr'><strong>cum</strong></span> <span class='ocrx_word' id='word_1_178' title='bbox 351 2700 441 2746; x_wconf 84' lang='lat' dir='ltr'><strong>habere</strong></span> <span class='ocrx_word' id='word_1_179' title='bbox 456 2712 577 2755; x_wconf 79' lang='lat' dir='ltr'><strong>nequeat,</strong></span> <span class='ocrx_word' id='word_1_180' title='bbox 596 2699 659 2746; x_wconf 85' lang='lat' dir='ltr'><strong>illius</strong></span> <span class='ocrx_word' id='word_1_181' title='bbox 674 2700 758 2747; x_wconf 84' lang='lat' dir='ltr'><strong>saltem</strong></span> <span class='ocrx_word' id='word_1_182' title='bbox 789 2699 869 2752; x_wconf 77' lang='lat' dir='ltr'><strong>tione,</strong></span> <span class='ocrx_word' id='word_1_183' title='bbox 880 2709 935 2753; x_wconf 80' lang='lat' dir='ltr'><strong>quae</strong></span> <span class='ocrx_word' id='word_1_184' title='bbox 948 2709 1033 2745; x_wconf 86' lang='lat' dir='ltr'><strong>contra</strong></span> <span class='ocrx_word' id='word_1_185' title='bbox 1044 2700 1093 2743; x_wconf 85' lang='lat' dir='ltr'><strong>vim</strong></span> <span class='ocrx_word' id='word_1_186' title='bbox 1105 2695 1214 2751; x_wconf 82' lang='lat' dir='ltr'><strong>injustam</strong></span> <span class='ocrx_word' id='word_1_187' title='bbox 1224 2699 1269 2745; x_wconf 86' lang='lat' dir='ltr'><strong>de·</strong></span> 
     </span>
     <span class='ocr_line' id='line_1_26' title="bbox 277 2758 1267 2818; baseline 0.001 -11"><span class='ocrx_word' id='word_1_188' title='bbox 277 2761 402 2810; x_wconf 85' lang='lat' dir='ltr'><strong>rationem</strong></span> <span class='ocrx_word' id='word_1_189' title='bbox 418 2762 472 2807; x_wconf 77' lang='lat' dir='ltr'><strong>,else</strong></span> <span class='ocrx_word' id='word_1_190' title='bbox 494 2764 636 2810; x_wconf 81' lang='lat' dir='ltr'><strong>habendam.</strong></span> <span class='ocrx_word' id='word_1_191' title='bbox 681 2768 757 2810; x_wconf 75' lang='lat' dir='ltr'><strong>Acce·</strong></span> <span class='ocrx_word' id='word_1_192' title='bbox 788 2761 921 2807; x_wconf 83' lang='lat' dir='ltr'><strong>lenstouetu</strong></span> <span class='ocrx_word' id='word_1_193' title='bbox 937 2758 1053 2818; x_wconf 73' lang='lat' dir='ltr'><strong>permittit</strong></span> <span class='ocrx_word' id='word_1_194' title='bbox 1092 2761 1267 2816; x_wconf 71' lang='lat' dir='ltr'><strong>Pottffiotaw</strong></span> 
     </span>
     <span class='ocr_line' id='line_1_27' title="bbox 278 2821 1268 2884; baseline 0 -14"><span class='ocrx_word' id='word_1_195' title='bbox 278 2822 331 2879; x_wconf 88' lang='lat' dir='ltr'><strong>dit,</strong></span> <span class='ocrx_word' id='word_1_196' title='bbox 357 2823 423 2878; x_wconf 90' lang='lat' dir='ltr'><strong>quod</strong></span> <span class='ocrx_word' id='word_1_197' title='bbox 448 2829 508 2870; x_wconf 84' lang='lat' dir='ltr'><strong>alter</strong></span> <span class='ocrx_word' id='word_1_198' title='bbox 527 2825 612 2870; x_wconf 83' lang='lat' dir='ltr'><strong>dolose</strong></span> <span class='ocrx_word' id='word_1_199' title='bbox 637 2825 757 2873; x_wconf 85' lang='lat' dir='ltr'><strong>socialita·</strong></span> <span class='ocrx_word' id='word_1_200' title='bbox 789 2823 822 2870; x_wconf 78' lang='lat' dir='ltr'><strong>tio</strong></span> <span class='ocrx_word' id='word_1_201' title='bbox 842 2821 1137 2884; x_wconf 83' lang='lat' dir='ltr'><strong>ell(a)qitialtotooliue</strong></span> <span class='ocrx_word' id='word_1_202' title='bbox 1154 2822 1189 2869; x_wconf 89' lang='lat' dir='ltr'><strong>sui</strong></span> <span class='ocrx_word' id='word_1_203' title='bbox 1206 2835 1268 2879; x_wconf 72' lang='lat' dir='ltr'><strong>cou-¹</strong></span> 
     </span>
     <span class='ocr_line' id='line_1_28' title="bbox 275 2884 1269 2943; baseline 0.002 -9"><span class='ocrx_word' id='word_1_204' title='bbox 275 2890 330 2934; x_wconf 77' lang='lat' dir='ltr'><strong>ictu</strong></span> <span class='ocrx_word' id='word_1_205' title='bbox 344 2885 487 2943; x_wconf 83' lang='lat' dir='ltr'><strong>abrumpat,</strong></span> <span class='ocrx_word' id='word_1_206' title='bbox 501 2886 557 2931; x_wconf 88' lang='lat' dir='ltr'><strong>bitte</strong></span> <span class='ocrx_word' id='word_1_207' title='bbox 574 2888 700 2934; x_wconf 83' lang='lat' dir='ltr'><strong>absurdum</strong></span> <span class='ocrx_word' id='word_1_208' title='bbox 719 2890 757 2935; x_wconf 87' lang='lat' dir='ltr'><strong>so·</strong></span> <span class='ocrx_word' id='word_1_209' title='bbox 789 2886 929 2934; x_wconf 80' lang='lat' dir='ltr'><strong>servatione</strong></span> <span class='ocrx_word' id='word_1_210' title='bbox 952 2898 1002 2933; x_wconf 85' lang='lat' dir='ltr'><strong>nort</strong></span> <span class='ocrx_word' id='word_1_211' title='bbox 1028 2884 1105 2942; x_wconf 66' lang='lat' dir='ltr'><strong>norell</strong></span> <span class='ocrx_word' id='word_1_212' title='bbox 1127 2887 1173 2932; x_wconf 82' lang='lat' dir='ltr'><strong>elie</strong></span> <span class='ocrx_word' id='word_1_213' title='bbox 1193 2888 1269 2936; x_wconf 77' lang='lat' dir='ltr'><strong>tetta.</strong></span> 
     </span>
     <span class='ocr_line' id='line_1_29' title="bbox 276 2945 1267 3010; baseline 0.003 -16"><span class='ocrx_word' id='word_1_214' title='bbox 276 2948 370 3003; x_wconf 87' lang='lat' dir='ltr'><strong>ret,·st</strong></span> <span class='ocrx_word' id='word_1_215' title='bbox 389 2948 554 2997; x_wconf 80' lang='lat' dir='ltr'><strong>delinquentis</strong></span> <span class='ocrx_word' id='word_1_216' title='bbox 569 2949 660 3007; x_wconf 70' lang='lat' dir='ltr'><strong>magis.</strong></span> <span class='ocrx_word' id='word_1_217' title='bbox 683 2964 757 3008; x_wconf 81' lang='lat' dir='ltr'><strong>quam</strong></span> <span class='ocrx_word' id='word_1_218' title='bbox 789 2948 834 3007; x_wconf 87' lang='lat' dir='ltr'><strong>(b)</strong></span> <span class='ocrx_word' id='word_1_219' title='bbox 849 2948 894 3010; x_wconf 89' lang='lat' dir='ltr'><strong>Qui</strong></span> <span class='ocrx_word' id='word_1_220' title='bbox 908 2948 946 3007; x_wconf 83' lang='lat' dir='ltr'><strong>jur</strong></span> <span class='ocrx_word' id='word_1_221' title='bbox 958 2949 1029 2997; x_wconf 80' lang='lat' dir='ltr'><strong>babet</strong></span> <span class='ocrx_word' id='word_1_222' title='bbox 1042 2947 1071 2994; x_wconf 85' lang='lat' dir='ltr'><strong>ad</strong></span> <span class='ocrx_word' id='word_1_223' title='bbox 1086 2945 1175 3003; x_wconf 84' lang='lat' dir='ltr'><strong>finem,</strong></span> <span class='ocrx_word' id='word_1_224' title='bbox 1190 2951 1267 2997; x_wconf 83' lang='lat' dir='ltr'><strong>habet</strong></span> 
     </span>
     <span class='ocr_line' id='line_1_30' title="bbox 276 3010 1266 3070; baseline 0.001 -11"><span class='ocrx_word' id='word_1_225' title='bbox 276 3010 439 3068; x_wconf 84' lang='lat' dir='ltr'><strong>innocentis,</strong></span> <span class='ocrx_word' id='word_1_226' title='bbox 457 3013 482 3059; x_wconf 80' lang='lat' dir='ltr'><strong>fit</strong></span> <span class='ocrx_word' id='word_1_227' title='bbox 496 3024 553 3058; x_wconf 88' lang='lat' dir='ltr'><strong>cura</strong></span> <span class='ocrx_word' id='word_1_228' title='bbox 570 3015 691 3069; x_wconf 75' lang='lat' dir='ltr'><strong>gerenda,</strong></span> <span class='ocrx_word' id='word_1_229' title='bbox 706 3016 757 3060; x_wconf 82' lang='lat' dir='ltr'><strong>into</strong></span> <span class='ocrx_word' id='word_1_230' title='bbox 789 3012 864 3059; x_wconf 86' lang='lat' dir='ltr'><strong>etiam</strong></span> <span class='ocrx_word' id='word_1_231' title='bbox 876 3012 915 3067; x_wconf 82' lang='lat' dir='ltr'><strong>jus</strong></span> <span class='ocrx_word' id='word_1_232' title='bbox 929 3012 957 3061; x_wconf 91' lang='lat' dir='ltr'><strong>ad</strong></span> <span class='ocrx_word' id='word_1_233' title='bbox 971 3010 1063 3068; x_wconf 82' lang='lat' dir='ltr'><strong>media,</strong></span> <span class='ocrx_word' id='word_1_234' title='bbox 1077 3010 1167 3068; x_wconf 78' lang='lat' dir='ltr'><strong>quibus</strong></span> <span class='ocrx_word' id='word_1_235' title='bbox 1184 3011 1266 3070; x_wconf 79' lang='lat' dir='ltr'><strong>irnpe-</strong></span> 
     </span>
     <span class='ocr_line' id='line_1_31' title="bbox 273 3073 1267 3149; baseline 0 -26"><span class='ocrx_word' id='word_1_236' title='bbox 273 3073 376 3123; x_wconf 79' lang='lat' dir='ltr'><strong>ilDeua</strong></span> <span class='ocrx_word' id='word_1_237' title='bbox 391 3074 453 3124; x_wconf 81' lang='lat' dir='ltr'><strong>inter</strong></span> <span class='ocrx_word' id='word_1_238' title='bbox 471 3076 582 3122; x_wconf 76' lang='lat' dir='ltr'><strong>homiues</strong></span> <span class='ocrx_word' id='word_1_239' title='bbox 601 3077 704 3123; x_wconf 86' lang='lat' dir='ltr'><strong>intendit</strong></span> <span class='ocrx_word' id='word_1_240' title='bbox 720 3079 758 3124; x_wconf 85' lang='lat' dir='ltr'><strong>so</strong></span> <span class='ocrx_word' id='word_1_241' title='bbox 788 3077 896 3123; x_wconf 74' lang='lat' dir='ltr'><strong>diruente</strong></span> <span class='ocrx_word' id='word_1_242' title='bbox 915 3084 1092 3126; x_wconf 70' lang='lat' dir='ltr'><strong>removeantur.</strong></span> <span class='ocrx_word' id='word_1_243' title='bbox 1131 3073 1267 3149; x_wconf 63' lang='lat' dir='ltr'><strong>(olonna</strong></span> 
     </span>
     <span class='ocr_line' id='line_1_32' title="bbox 275 3137 1267 3199; baseline 0.002 -15"><span class='ocrx_word' id='word_1_244' title='bbox 275 3137 423 3197; x_wconf 74' lang='lat' dir='ltr'><strong>ciuitatem,</strong></span> <span class='ocrx_word' id='word_1_245' title='bbox 442 3140 509 3196; x_wconf 85' lang='lat' dir='ltr'><strong>quod</strong></span> <span class='ocrx_word' id='word_1_246' title='bbox 527 3140 688 3199; x_wconf 76' lang='lat' dir='ltr'><strong>verilitmum,</strong></span> <span class='ocrx_word' id='word_1_247' title='bbox 706 3155 757 3189; x_wconf 87' lang='lat' dir='ltr'><strong>uon</strong></span> <span class='ocrx_word' id='word_1_248' title='bbox 790 3139 911 3187; x_wconf 75' lang='lat' dir='ltr'><strong>societatis</strong></span> <span class='ocrx_word' id='word_1_249' title='bbox 931 3137 1046 3193; x_wconf 78' lang='lat' dir='ltr'><strong>luterell,</strong></span> <span class='ocrx_word' id='word_1_250' title='bbox 1059 3138 1169 3185; x_wconf 85' lang='lat' dir='ltr'><strong>membra</strong></span> <span class='ocrx_word' id='word_1_251' title='bbox 1189 3139 1267 3186; x_wconf 84' lang='lat' dir='ltr'><strong>noxia</strong></span> 
     </span>
     <span class='ocr_line' id='line_1_33' title="bbox 275 3201 1268 3264; baseline 0.001 -16"><span class='ocrx_word' id='word_1_252' title='bbox 275 3202 531 3261; x_wconf 81' lang='lat' dir='ltr'><strong>potuitnmaiuelle,</strong></span> <span class='ocrx_word' id='word_1_253' title='bbox 547 3201 655 3264; x_wconf 81' lang='lat' dir='ltr'><strong>eteius,</strong></span> <span class='ocrx_word' id='word_1_254' title='bbox 672 3206 756 3262; x_wconf 89' lang='lat' dir='ltr'><strong>quiil·</strong></span> <span class='ocrx_word' id='word_1_255' title='bbox 789 3201 936 3262; x_wconf 80' lang='lat' dir='ltr'><strong>presciudi,</strong></span> <span class='ocrx_word' id='word_1_256' title='bbox 961 3170 1087 3254; x_wconf 63' lang='lat' dir='ltr'><strong>utseiuta</strong></span> <span class='ocrx_word' id='word_1_257' title='bbox 1109 3203 1134 3248; x_wconf 84' lang='lat' dir='ltr'><strong>stt</strong></span> <span class='ocrx_word' id='word_1_258' title='bbox 1161 3201 1268 3249; x_wconf 81' lang='lat' dir='ltr'><strong>inlutu-</strong></span> 
     </span>
     <span class='ocr_line' id='line_1_34' title="bbox 273 3263 1273 3328; baseline 0.001 -17"><span class='ocrx_word' id='word_1_259' title='bbox 273 3265 325 3312; x_wconf 86' lang='lat' dir='ltr'><strong>iam</strong></span> <span class='ocrx_word' id='word_1_260' title='bbox 356 3265 501 3323; x_wconf 83' lang='lat' dir='ltr'><strong>abtumuit,</strong></span> <span class='ocrx_word' id='word_1_261' title='bbox 533 3267 623 3314; x_wconf 80' lang='lat' dir='ltr'><strong>malitia</strong></span> <span class='ocrx_word' id='word_1_262' title='bbox 651 3269 706 3326; x_wconf 67' lang='lat' dir='ltr'><strong>&#39;raim</strong></span> <span class='ocrx_word' id='word_1_263' title='bbox 709 3282 757 3316; x_wconf 85' lang='lat' dir='ltr'><strong>une</strong></span> <span class='ocrx_word' id='word_1_264' title='bbox 789 3278 850 3313; x_wconf 88' lang='lat' dir='ltr'><strong>rum.</strong></span> <span class='ocrx_word' id='word_1_265' title='bbox 892 3267 934 3328; x_wconf 92' lang='lat' dir='ltr'><strong>(d)</strong></span> <span class='ocrx_word' id='word_1_266' title='bbox 951 3263 1114 3315; x_wconf 78' lang='lat' dir='ltr'><strong>Conservatia</strong></span> <span class='ocrx_word' id='word_1_267' title='bbox 1132 3265 1197 3312; x_wconf 86' lang='lat' dir='ltr'><strong>botta</strong></span> <span class='ocrx_word' id='word_1_268' title='bbox 1217 3268 1273 3327; x_wconf 81' lang='lat' dir='ltr'><strong>eii,</strong></span> 
     </span>
     <span class='ocr_line' id='line_1_35' title="bbox 275 3327 1271 3390; baseline 0.003 -17"><span class='ocrx_word' id='word_1_269' title='bbox 275 3327 406 3385; x_wconf 71' lang='lat' dir='ltr'><strong>gralletur,</strong></span> <span class='ocrx_word' id='word_1_270' title='bbox 422 3329 492 3388; x_wconf 87' lang='lat' dir='ltr'><strong>quia,</strong></span> <span class='ocrx_word' id='word_1_271' title='bbox 510 3331 557 3377; x_wconf 85' lang='lat' dir='ltr'><strong>boc</strong></span> <span class='ocrx_word' id='word_1_272' title='bbox 573 3333 664 3390; x_wconf 82' lang='lat' dir='ltr'><strong>polito,</strong></span> <span class='ocrx_word' id='word_1_273' title='bbox 684 3344 756 3379; x_wconf 79' lang='lat' dir='ltr'><strong>reve·</strong></span> <span class='ocrx_word' id='word_1_274' title='bbox 789 3329 918 3385; x_wconf 73' lang='lat' dir='ltr'><strong>destructio</strong></span> <span class='ocrx_word' id='word_1_275' title='bbox 935 3333 1013 3385; x_wconf 83' lang='lat' dir='ltr'><strong>mala,</strong></span> <span class='ocrx_word' id='word_1_276' title='bbox 1037 3339 1066 3374; x_wconf 88' lang='lat' dir='ltr'><strong>ac</strong></span> <span class='ocrx_word' id='word_1_277' title='bbox 1080 3327 1204 3386; x_wconf 78' lang='lat' dir='ltr'><strong>proinde</strong></span> <span class='ocrx_word' id='word_1_278' title='bbox 1198 3342 1271 3376; x_wconf 85' lang='lat' dir='ltr'><strong>tarto</strong></span> 
     </span>
     <span class='ocr_line' id='line_1_36' title="bbox 275 3391 1272 3452; baseline 0.003 -15"><span class='ocrx_word' id='word_1_279' title='bbox 275 3403 305 3439; x_wconf 86' lang='lat' dir='ltr'><strong>re</strong></span> <span class='ocrx_word' id='word_1_280' title='bbox 333 3391 482 3440; x_wconf 79' lang='lat' dir='ltr'><strong>insociabilia</strong></span> <span class='ocrx_word' id='word_1_281' title='bbox 507 3394 556 3441; x_wconf 76' lang='lat' dir='ltr'><strong>uita</strong></span> <span class='ocrx_word' id='word_1_282' title='bbox 584 3394 664 3442; x_wconf 80' lang='lat' dir='ltr'><strong>sutura</strong></span> <span class='ocrx_word' id='word_1_283' title='bbox 690 3397 756 3444; x_wconf 79' lang='lat' dir='ltr'><strong>effer.</strong></span> <span class='ocrx_word' id='word_1_284' title='bbox 789 3391 1272 3452; x_wconf 78' lang='lat' dir='ltr'><strong>ceutitmaior‚quamdelinquentiaeli</strong></span> 
     </span>
     <span class='ocr_line' id='line_1_37' title="bbox 273 3453 1271 3515; baseline -0.001 -13"><span class='ocrx_word' id='word_1_285' title='bbox 273 3453 347 3502; x_wconf 88' lang='lat' dir='ltr'><strong>Licet</strong></span> <span class='ocrx_word' id='word_1_286' title='bbox 363 3467 425 3502; x_wconf 83' lang='lat' dir='ltr'><strong>veto</strong></span> <span class='ocrx_word' id='word_1_287' title='bbox 441 3456 569 3511; x_wconf 76' lang='lat' dir='ltr'><strong>nullandas</strong></span> <span class='ocrx_word' id='word_1_288' title='bbox 584 3457 698 3508; x_wconf 78' lang='lat' dir='ltr'><strong>arimatia</strong></span> <span class='ocrx_word' id='word_1_289' title='bbox 715 3471 755 3505; x_wconf 87' lang='lat' dir='ltr'><strong>ru·</strong></span> <span class='ocrx_word' id='word_1_290' title='bbox 787 3456 866 3503; x_wconf 78' lang='lat' dir='ltr'><strong>fauor.</strong></span> <span class='ocrx_word' id='word_1_291' title='bbox 899 3457 1013 3512; x_wconf 87' lang='lat' dir='ltr'><strong>Denique</strong></span> <span class='ocrx_word' id='word_1_292' title='bbox 1027 3454 1072 3515; x_wconf 91' lang='lat' dir='ltr'><strong>(e)</strong></span> <span class='ocrx_word' id='word_1_293' title='bbox 1089 3467 1145 3502; x_wconf 82' lang='lat' dir='ltr'><strong>cum</strong></span> <span class='ocrx_word' id='word_1_294' title='bbox 1159 3457 1271 3503; x_wconf 72' lang='lat' dir='ltr'><strong>nominee</strong></span> 
     </span>
     <span class='ocr_line' id='line_1_38' title="bbox 274 3517 1267 3576; baseline 0.003 -15"><span class='ocrx_word' id='word_1_295' title='bbox 274 3528 303 3562; x_wconf 79' lang='lat' dir='ltr'><strong>aa</strong></span> <span class='ocrx_word' id='word_1_296' title='bbox 318 3517 365 3564; x_wconf 83' lang='lat' dir='ltr'><strong>elie</strong></span> <span class='ocrx_word' id='word_1_297' title='bbox 377 3518 480 3576; x_wconf 80' lang='lat' dir='ltr'><strong>debeat,</strong></span> <span class='ocrx_word' id='word_1_298' title='bbox 496 3532 601 3566; x_wconf 71' lang='lat' dir='ltr'><strong>attamen</strong></span> <span class='ocrx_word' id='word_1_299' title='bbox 620 3522 634 3567; x_wconf 86' lang='lat' dir='ltr'><strong>st</strong></span> <span class='ocrx_word' id='word_1_300' title='bbox 654 3522 701 3566; x_wconf 80' lang='lat' dir='ltr'><strong>fine</strong></span> <span class='ocrx_word' id='word_1_301' title='bbox 714 3525 755 3567; x_wconf 79' lang='lat' dir='ltr'><strong>lae-</strong></span> <span class='ocrx_word' id='word_1_302' title='bbox 789 3519 919 3569; x_wconf 75' lang='lat' dir='ltr'><strong>liberrimis</strong></span> <span class='ocrx_word' id='word_1_303' title='bbox 934 3517 1019 3575; x_wconf 70' lang='lat' dir='ltr'><strong>agendi</strong></span> <span class='ocrx_word' id='word_1_304' title='bbox 1034 3517 1152 3576; x_wconf 78' lang='lat' dir='ltr'><strong>potentiis</strong></span> <span class='ocrx_word' id='word_1_305' title='bbox 1169 3521 1212 3566; x_wconf 76' lang='lat' dir='ltr'><strong>unt</strong></span> <span class='ocrx_word' id='word_1_306' title='bbox 1230 3519 1267 3566; x_wconf 90' lang='lat' dir='ltr'><strong>in·</strong></span> 
     </span>
     <span class='ocr_line' id='line_1_39' title="bbox 273 3580 1266 3640; baseline 0.001 -13"><span class='ocrx_word' id='word_1_307' title='bbox 273 3581 341 3627; x_wconf 72' lang='lat' dir='ltr'><strong>fiune</strong></span> <span class='ocrx_word' id='word_1_308' title='bbox 357 3583 418 3629; x_wconf 84' lang='lat' dir='ltr'><strong>alter</strong></span> <span class='ocrx_word' id='word_1_309' title='bbox 430 3584 517 3638; x_wconf 76' lang='lat' dir='ltr'><strong>repelli</strong></span> <span class='ocrx_word' id='word_1_310' title='bbox 532 3595 621 3638; x_wconf 83' lang='lat' dir='ltr'><strong>queat,</strong></span> <span class='ocrx_word' id='word_1_311' title='bbox 642 3585 688 3631; x_wconf 85' lang='lat' dir='ltr'><strong>boc</strong></span> <span class='ocrx_word' id='word_1_312' title='bbox 705 3597 756 3630; x_wconf 86' lang='lat' dir='ltr'><strong>me-</strong></span> <span class='ocrx_word' id='word_1_313' title='bbox 788 3581 888 3640; x_wconf 69' lang='lat' dir='ltr'><strong>nsueti,</strong></span> <span class='ocrx_word' id='word_1_314' title='bbox 906 3582 1023 3629; x_wconf 79' lang='lat' dir='ltr'><strong>adversus</strong></span> <span class='ocrx_word' id='word_1_315' title='bbox 1037 3581 1198 3629; x_wconf 79' lang='lat' dir='ltr'><strong>offertionem</strong></span> <span class='ocrx_word' id='word_1_316' title='bbox 1219 3580 1266 3628; x_wconf 90' lang='lat' dir='ltr'><strong>illi·</strong></span> 
     </span>
     <span class='ocr_line' id='line_1_40' title="bbox 274 3643 1269 3702; baseline 0.008 -12"><span class='ocrx_word' id='word_1_317' title='bbox 274 3643 342 3690; x_wconf 88' lang='lat' dir='ltr'><strong>dium</strong></span> <span class='ocrx_word' id='word_1_318' title='bbox 353 3643 604 3698; x_wconf 77' lang='lat' dir='ltr'><strong>meritoeliqeudum,</strong></span> <span class='ocrx_word' id='word_1_319' title='bbox 617 3648 756 3694; x_wconf 81' lang='lat' dir='ltr'><strong>numeriam</strong></span> <span class='ocrx_word' id='word_1_320' title='bbox 788 3648 858 3691; x_wconf 88' lang='lat' dir='ltr'><strong>citam</strong></span> <span class='ocrx_word' id='word_1_321' title='bbox 874 3648 982 3695; x_wconf 82' lang='lat' dir='ltr'><strong>defenno</strong></span> <span class='ocrx_word' id='word_1_322' title='bbox 998 3644 1032 3692; x_wconf 82' lang='lat' dir='ltr'><strong>est</strong></span> <span class='ocrx_word' id='word_1_323' title='bbox 1046 3644 1169 3702; x_wconf 74' lang='lat' dir='ltr'><strong>permina,</strong></span> <span class='ocrx_word' id='word_1_324' title='bbox 1186 3647 1269 3691; x_wconf 65' lang='lat' dir='ltr'><strong>dnm</strong></span> 
     </span>
     <span class='ocr_line' id='line_1_41' title="bbox 278 3707 1269 3766; baseline 0.006 -15"><span class='ocrx_word' id='word_1_325' title='bbox 278 3707 449 3763; x_wconf 82' lang='lat' dir='ltr'><strong>delinquenti,</strong></span> <span class='ocrx_word' id='word_1_326' title='bbox 473 3721 503 3754; x_wconf 83' lang='lat' dir='ltr'><strong>ex</strong></span> <span class='ocrx_word' id='word_1_327' title='bbox 530 3709 619 3760; x_wconf 81' lang='lat' dir='ltr'><strong>terrulis</strong></span> <span class='ocrx_word' id='word_1_328' title='bbox 637 3709 755 3759; x_wconf 79' lang='lat' dir='ltr'><strong>socialita·</strong></span> <span class='ocrx_word' id='word_1_329' title='bbox 788 3712 841 3764; x_wconf 80' lang='lat' dir='ltr'><strong>lege</strong></span> <span class='ocrx_word' id='word_1_330' title='bbox 855 3708 962 3756; x_wconf 63' lang='lat' dir='ltr'><strong>sentiet</strong></span> <span class='ocrx_word' id='word_1_331' title='bbox 976 3711 1110 3766; x_wconf 83' lang='lat' dir='ltr'><strong>probetur,</strong></span> <span class='ocrx_word' id='word_1_332' title='bbox 1126 3710 1142 3753; x_wconf 88' lang='lat'><strong>1.</strong></span> <span class='ocrx_word' id='word_1_333' title='bbox 1161 3719 1184 3763; x_wconf 72' lang='lat' dir='ltr'><strong>a.</strong></span> <span class='ocrx_word' id='word_1_334' title='bbox 1201 3708 1269 3756; x_wconf 74' lang='lat' dir='ltr'><strong>ud·</strong></span> 
     </span>
     <span class='ocr_line' id='line_1_42' title="bbox 275 3769 1268 3832; baseline 0.005 -19"><span class='ocrx_word' id='word_1_335' title='bbox 275 3769 320 3827; x_wconf 82' lang='lat' dir='ltr'><strong>tia,</strong></span> <span class='ocrx_word' id='word_1_336' title='bbox 338 3774 487 3828; x_wconf 81' lang='lat' dir='ltr'><strong>parcendum</strong></span> <span class='ocrx_word' id='word_1_337' title='bbox 501 3773 539 3818; x_wconf 70' lang='lat' dir='ltr'><strong>,st</strong></span> <span class='ocrx_word' id='word_1_338' title='bbox 557 3774 605 3818; x_wconf 80' lang='lat' dir='ltr'><strong>line</strong></span> <span class='ocrx_word' id='word_1_339' title='bbox 618 3772 700 3818; x_wconf 83' lang='lat' dir='ltr'><strong>nolit-o</strong></span> <span class='ocrx_word' id='word_1_340' title='bbox 713 3776 753 3820; x_wconf 82' lang='lat' dir='ltr'><strong>da·</strong></span> <span class='ocrx_word' id='word_1_341' title='bbox 786 3772 845 3832; x_wconf 72' lang='lat' dir='ltr'><strong>Jud.</strong></span> <span class='ocrx_word' id='word_1_342' title='bbox 864 3773 890 3820; x_wconf 63' lang='grc' dir='ltr'>ὅ</span> <span class='ocrx_word' id='word_1_343' title='bbox 907 3779 970 3830; x_wconf 69' lang='grc' dir='ltr'><strong>ιω.</strong></span> <span class='ocrx_word' id='word_1_344' title='bbox 1003 3770 1047 3831; x_wconf 80' lang='lat' dir='ltr'><strong>(a)</strong></span> <span class='ocrx_word' id='word_1_345' title='bbox 1068 3770 1104 3818; x_wconf 79' lang='lat' dir='ltr'><strong>Ea</strong></span> <span class='ocrx_word' id='word_1_346' title='bbox 1126 3769 1163 3819; x_wconf 81' lang='lat' dir='ltr'><strong>hia</strong></span> <span class='ocrx_word' id='word_1_347' title='bbox 1186 3771 1268 3826; x_wconf 82' lang='lat' dir='ltr'><strong>itaque</strong></span> 
     </span>
     <span class='ocr_line' id='line_1_43' title="bbox 276 3833 1269 3893; baseline 0.006 -17"><span class='ocrx_word' id='word_1_348' title='bbox 276 3833 541 3890; x_wconf 81' lang='lat' dir='ltr'><strong>mnoldfietipollu,</strong></span> <span class='ocrx_word' id='word_1_349' title='bbox 559 3834 754 3884; x_wconf 80' lang='lat' dir='ltr'><strong>biucltocu&#39;uti-</strong></span> <span class='ocrx_word' id='word_1_350' title='bbox 787 3835 810 3880; x_wconf 91' lang='lat' dir='ltr'>s</span> <span class='ocrx_word' id='word_1_351' title='bbox 814 3835 841 3882; x_wconf 83' lang='lat' dir='ltr'><strong>us</strong></span> <span class='ocrx_word' id='word_1_352' title='bbox 870 3837 965 3893; x_wconf 87' lang='lat' dir='ltr'><strong>liquet,</strong></span> <span class='ocrx_word' id='word_1_353' title='bbox 997 3837 1163 3884; x_wconf 76' lang='lat' dir='ltr'><strong>defensionem</strong></span> <span class='ocrx_word' id='word_1_354' title='bbox 1194 3833 1269 3882; x_wconf 86' lang='lat' dir='ltr'><strong>nostri</strong></span> 
     </span>
     <span class='ocr_line' id='line_1_44' title="bbox 276 3895 1270 3958; baseline 0.004 -18"><span class='ocrx_word' id='word_1_355' title='bbox 276 3895 346 3945; x_wconf 84' lang='lat' dir='ltr'><strong>nebit</strong></span> <span class='ocrx_word' id='word_1_356' title='bbox 367 3908 533 3953; x_wconf 74' lang='lat' dir='ltr'><strong>preceptum.</strong></span> <span class='ocrx_word' id='word_1_357' title='bbox 557 3899 591 3943; x_wconf 79' lang='lat' dir='ltr'><strong>lu</strong></span> <span class='ocrx_word' id='word_1_358' title='bbox 610 3910 632 3943; x_wconf 81' lang='grc' dir='ltr'><strong>ιι</strong></span> <span class='ocrx_word' id='word_1_359' title='bbox 650 3899 754 3958; x_wconf 64' lang='lat' dir='ltr'><strong>dasian.</strong></span> <span class='ocrx_word' id='word_1_360' title='bbox 787 3910 836 3942; x_wconf 85' lang='lat' dir='ltr'><strong>non</strong></span> <span class='ocrx_word' id='word_1_361' title='bbox 851 3899 897 3945; x_wconf 80' lang='lat' dir='ltr'><strong>eise</strong></span> <span class='ocrx_word' id='word_1_362' title='bbox 912 3904 945 3954; x_wconf 84' lang='grc' dir='ltr'><strong>ιι</strong></span> <span class='ocrx_word' id='word_1_363' title='bbox 940 3898 1023 3946; x_wconf 83' lang='lat' dir='ltr'><strong>ullam</strong></span> <span class='ocrx_word' id='word_1_364' title='bbox 1041 3899 1062 3944; x_wconf 72' lang='lat' dir='ltr'><strong>et</strong></span> <span class='ocrx_word' id='word_1_365' title='bbox 1081 3895 1132 3946; x_wconf 83' lang='lat' dir='ltr'><strong>litte</strong></span> <span class='ocrx_word' id='word_1_366' title='bbox 1144 3900 1217 3955; x_wconf 84' lang='lat' dir='ltr'><strong>culpa</strong></span> <span class='ocrx_word' id='word_1_367' title='bbox 1229 3909 1270 3944; x_wconf 86' lang='lat' dir='ltr'><strong>aut</strong></span> 
     </span>
     <span class='ocr_line' id='line_1_45' title="bbox 277 3958 1269 4029; baseline 0.008 -29"><span class='ocrx_word' id='word_1_368' title='bbox 277 3967 304 4004; x_wconf 81' lang='grc' dir='ltr'><strong>ιιι</strong></span> <span class='ocrx_word' id='word_1_369' title='bbox 321 3961 404 4013; x_wconf 72' lang='lat' dir='ltr'><strong>airu·</strong></span> <span class='ocrx_word' id='word_1_370' title='bbox 427 3973 448 4006; x_wconf 80' lang='grc' dir='ltr'><strong>ιι</strong></span> <span class='ocrx_word' id='word_1_371' title='bbox 471 3962 521 4006; x_wconf 70' lang='lat' dir='ltr'><strong>licat</strong></span> <span class='ocrx_word' id='word_1_372' title='bbox 536 3961 596 4016; x_wconf 75' lang='lat' dir='ltr'><strong>laefir</strong></span> <span class='ocrx_word' id='word_1_373' title='bbox 588 3977 634 4006; x_wconf 76' lang='lat' dir='ltr'><strong>um</strong></span> <span class='ocrx_word' id='word_1_374' title='bbox 644 3963 692 4020; x_wconf 98' lang='grc' dir='ltr'><em>Γ</em></span> <span class='ocrx_word' id='word_1_375' title='bbox 700 3964 755 4029; x_wconf 75' lang='lat' dir='ltr'><strong>far</strong></span> <span class='ocrx_word' id='word_1_376' title='bbox 786 3959 1073 4020; x_wconf 74' lang='lat' dir='ltr'><strong>ittiuriasnsciuipolle,</strong></span> <span class='ocrx_word' id='word_1_377' title='bbox 1099 3958 1156 4016; x_wconf 82' lang='lat' dir='ltr'><strong>quia</strong></span> <span class='ocrx_word' id='word_1_378' title='bbox 1174 3972 1269 4008; x_wconf 82' lang='lat' dir='ltr'><strong>naturae</strong></span> 
     </span>
     <span class='ocr_line' id='line_1_46' title="bbox 277 3981 1269 4079; baseline 0.009 -16"><span class='ocrx_word' id='word_1_379' title='bbox 277 4019 356 4076; x_wconf 65' lang='lat' dir='ltr'><strong>aaran,</strong></span> <span class='ocrx_word' id='word_1_380' title='bbox 374 4024 511 4079; x_wconf 73' lang='lat' dir='ltr'><strong>nenlaedas,</strong></span> <span class='ocrx_word' id='word_1_381' title='bbox 529 4025 594 4077; x_wconf 84' lang='lat' dir='ltr'><strong>qaod</strong></span> <span class='ocrx_word' id='word_1_382' title='bbox 611 4036 640 4069; x_wconf 87' lang='lat' dir='ltr'><strong>ex</strong></span> <span class='ocrx_word' id='word_1_383' title='bbox 661 3981 752 4079; x_wconf 76' lang='lat' dir='ltr'><strong>putiau·</strong></span> <span class='ocrx_word' id='word_1_384' title='bbox 786 4021 1269 4075; x_wconf 74' lang='lat' dir='ltr'><strong>societatisratioueutentiumuoure·</strong></span> 
     </span>
     <span class='ocr_line' id='line_1_47' title="bbox 222 4080 1268 4145; baseline 0.011 -20"><span class='ocrx_word' id='word_1_385' title='bbox 222 4080 249 4133; x_wconf 68' lang='grc' dir='ltr'>Ι</span> <span class='ocrx_word' id='word_1_386' title='bbox 280 4080 752 4141; x_wconf 69' lang='lat' dir='ltr'><strong>tias&amp;socialitatissoutecouiuuliim</strong></span> <span class='ocrx_word' id='word_1_387' title='bbox 785 4100 882 4145; x_wconf 69' lang='lat' dir='ltr'><strong>pugnat.</strong></span> <span class='ocrx_word' id='word_1_388' title='bbox 919 4092 966 4136; x_wconf 89' lang='lat' dir='ltr'><strong>sed</strong></span> <span class='ocrx_word' id='word_1_389' title='bbox 988 4089 1034 4134; x_wconf 85' lang='lat' dir='ltr'><strong>alia</strong></span> <span class='ocrx_word' id='word_1_390' title='bbox 1053 4085 1218 4145; x_wconf 77' lang='lat' dir='ltr'><strong>estqueuto,</strong></span> <span class='ocrx_word' id='word_1_391' title='bbox 1237 4098 1268 4136; x_wconf 81' lang='lat' dir='ltr'><strong>an</strong></span> 
     </span>
     <span class='ocr_line' id='line_1_48' title="bbox 280 4141 1267 4210; baseline -0.002 -11"><span class='ocrx_word' id='word_1_392' title='bbox 280 4141 385 4201; x_wconf 70' lang='lat' dir='ltr'><strong>lf⁰fl⁰¹l</strong></span> <span class='ocrx_word' id='word_1_393' title='bbox 399 4145 419 4204; x_wconf 75' lang='lat' dir='ltr'>S</span> <span class='ocrx_word' id='word_1_394' title='bbox 438 4159 461 4199; x_wconf 99' lang='grc'><strong><em>5</em></strong></span> <span class='ocrx_word' id='word_1_395' title='bbox 476 4152 499 4195; x_wconf 73' lang='lat' dir='ltr'><strong>i</strong></span> <span class='ocrx_word' id='word_1_396' title='bbox 535 4149 629 4197; x_wconf 83' lang='lat' dir='ltr'><strong>Ttrrus.</strong></span> <span class='ocrx_word' id='word_1_397' title='bbox 785 4163 814 4198; x_wconf 83' lang='lat' dir='ltr'><strong>ea</strong></span> <span class='ocrx_word' id='word_1_398' title='bbox 834 4153 950 4201; x_wconf 79' lang='lat' dir='ltr'><strong>adversus</strong></span> <span class='ocrx_word' id='word_1_399' title='bbox 973 4161 1150 4210; x_wconf 81' lang='lat' dir='ltr'><strong>quemcunque</strong></span> <span class='ocrx_word' id='word_1_400' title='bbox 1172 4161 1267 4209; x_wconf 70' lang='lat' dir='ltr'><strong>aggres-</strong></span> 
     </span>
     <span class='ocr_line' id='line_1_49' title="bbox 306 4204 1263 4279; baseline 0.008 -20"><span class='ocrx_word' id='word_1_401' title='bbox 306 4204 345 4259; x_wconf 81' lang='lat' dir='ltr'><strong>De</strong></span> <span class='ocrx_word' id='word_1_402' title='bbox 360 4205 499 4261; x_wconf 71' lang='lat' dir='ltr'><strong>dumique</strong></span> <span class='ocrx_word' id='word_1_403' title='bbox 514 4210 550 4262; x_wconf 84' lang='lat' dir='ltr'><strong>iul</strong></span> <span class='ocrx_word' id='word_1_404' title='bbox 561 4214 584 4264; x_wconf 81' lang='lat' dir='ltr'><strong>dr</strong></span> <span class='ocrx_word' id='word_1_405' title='bbox 597 4224 699 4278; x_wconf 86' lang='lat' dir='ltr'><strong>retum,</strong></span> <span class='ocrx_word' id='word_1_406' title='bbox 715 4215 754 4267; x_wconf 82' lang='lat' dir='ltr'><strong>ui·</strong></span> <span class='ocrx_word' id='word_1_407' title='bbox 784 4215 866 4279; x_wconf 74' lang='lat' dir='ltr'><strong>sorem</strong></span> <span class='ocrx_word' id='word_1_408' title='bbox 879 4216 952 4271; x_wconf 82' lang='lat' dir='ltr'><strong>nubit</strong></span> <span class='ocrx_word' id='word_1_409' title='bbox 966 4217 993 4268; x_wconf 87' lang='lat' dir='ltr'><strong>stt</strong></span> <span class='ocrx_word' id='word_1_410' title='bbox 1006 4212 1138 4275; x_wconf 67' lang='lat' dir='ltr'><strong>uiuunt</strong></span> <span class='ocrx_word' id='word_1_411' title='bbox 1159 4213 1191 4266; x_wconf 87' lang='lat' dir='ltr'><strong>itt</strong></span> <span class='ocrx_word' id='word_1_412' title='bbox 1203 4213 1263 4260; x_wconf 74' lang='lat' dir='ltr'><strong>statu</strong></span> 
     </span>
     <span class='ocr_line' id='line_1_50' title="bbox 1195 4287 1265 4328; baseline -0.057 0"><span class='ocrx_word' id='word_1_413' title='bbox 1195 4287 1265 4328; x_wconf 60' lang='lat' dir='ltr'><strong>meist</strong></span> 
     </span>
    </p>
   </div>
   <div class='ocr_carea' id='block_1_6' title="bbox 0 0 1504 5150">
    <p class='ocr_par' dir='ltr' id='par_1_8' title="bbox 0 0 1504 5150">
     <span class='ocr_line' id='line_1_51' title="bbox 0 0 1504 5150; baseline 0 1"><span class='ocrx_word' id='word_1_414' title='bbox 0 0 1504 5150; x_wconf 95' lang='lat' dir='ltr'><strong> </strong></span> 
     </span>
    </p>
   </div>
  </div>
 </body>
</html>
