3000 5150
462 422 1063 513 AUCTORIS.
1197 453 1258 531 vu

255 624 312 697 cis
337 623 534 700 senteutiam
564 640 679 695 meam
701 639 893 713 exponam,
928 641 999 694 non
1024 615 1160 717 quidem
1183 642 1249 713 pro
1285 647 1287 651 ’
1375 703 1378 709 ,

255 725 461 799 nodositate
481 723 622 820 Papali,
646 741 693 793 *ac
715 719 737 791 st
757 721 798 792 ab
814 720 906 792 omni
925 745 1040 794 errore
1057 721 1243 817 privilegio

255 824 369 915 aliquo
391 822 476 896 mihi
496 841 636 897 cautum
660 821 772 905 foret,
798 841 907 912 neque
929 822 986 914 qui
1006 822 1162 910 somniis,
1190 824 1241 895 di·

254 923 379 997 vinitus
402 922 577 1007 immissis,
611 942 667 993 aut
697 918 926 990 irrationabili
946 920 1056 1015 aliquo
1079 920 1241 998 instineto

251 1019 427 1118 fingularis
444 1023 616 1119 cujusdam
632 1016 895 1098 illuminationis
910 1016 1034 1093 fiducia
1051 1022 1240 1111 animetur3

252 1118 308 1191 sed
328 1142 489 1213 tanquam
519 1119 609 1202 talis,
637 1120 692 1189 cui
717 1117 887 1208 spartam,
923 1114 982 1188 fibi
1005 1118 1239 1211 commissam,

251 1241 317 1311 pro
347 1219 487 1291 modulo
513 1215 640 1313 ingenii
655 1241 668 1302 ,·
702 1236 872 1287 exornare
896 1217 992 1287 cordi
1020 1214 1070 1289 stt.
1122 1221 1173 1314 lta
1192 1238 1241 1292 ta·

250 1336 353 1403 men,
383 1337 418 1388 ut
442 1319 730 1413 quemadmodum
761 1313 921 1384 cordatos
947 1312 985 1385 dt
1010 1314 1165 1389 eruditos
1189 1318 1243 1390 vi·

251 1437 330 1500 ros,
358 1416 494 1488 meliora
512 1415 744 1512 suggerentes,
769 1412 1077 1501 lubenteraudire‚
1106 1413 1164 1500 ἃ,
1192 1415 1241 1492 ci·

250 1532 299 1584 tra
318 1516 559 1606 pertinaciam,
590 1510 681 1605 prius
701 1509 825 1602 placita
840 1512 1023 1583 emendare
1049 1512 1119 1583 suin
1139 1536 1241 1611 pata·
1354 1563 1358 1570 ·

196 1602 200 1611 '
248 1628 325 1697 tus;
349 1613 395 1683 ita
414 1608 516 1685 flocci
534 1611 658 1683 sutiam
682 1610 790 1681 lllidae
814 1611 954 1681 aemulos
976 1610 1153 1700 censores,
1186 1639 1238 1689 re·

185 1699 344 1878 Ὗ,
371 1712 412 1781 ad
428 1710 459 1783 se
476 1711 557 1783 nihil
579 1708 824 1801 speslantium,
846 1709 981 1780 arbitria
1002 1729 1166 1801 proterve
1183 1713 1237 1785 in·
1279 1713 1282 1722 '
1315 1779 1319 1786 ,
1363 1789 1367 1796 ,

247 1829 425 1897 notiores,
461 1830 636 1907 totamque
664 1806 873 1879 ardelionum
906 1808 1102 1896 nationem,
1136 1812 1235 1905 cujus
1341 1858 1343 1864 -

246 1905 481 1980 charaeterem
517 1905 716 2002 lepidiffime
749 1905 925 1978 Primanus
952 1905 1017 1999 (l)
1056 1911 1236 2001 repraesen·

247 2021 321 2075 tat:
351 2004 498 2093 Trepide,
531 2006 660 2101 inquit,
692 1997 892 2095 concmssmr,
918 2021 1063 2098 occupato
1091 2010 1122 2077 in
1156 2010 1236 2100 otio,

246 2106 352 2194 gratis
367 2106 536 2192 anbelant,
564 2107 663 2175 multo
688 2103 805 2195 agendo
828 2104 909 2173 nibil
927 2126 1046 2195 agenr,
1062 2101 1126 2195 fibi
1145 2106 1237 2177 molt-

247 2200 317 2292 βα,
339 2196 383 2280 {3
401 2203 474 2270 oliir
488 2202 682 2297 odiofiffimo.

298 2298 448 2366 Primum
466 2299 567 2393 igitur
580 2295 783 2380 discrimen,
800 2318 869 2389 quo
891 2293 961 2366 illae
976 2298 1173 2389 Disciplina
1190 2300 1240 2372 in·
1295 2311 1339 2361 Vl·
1360 2316 1363 2328 ’

248 2391 366 2466 vicem
385 2393 599 2487 separantur,
627 2390 762 2465 resultat
783 2412 827 2463 ex
848 2392 982 2465 diverso
1006 2391 1125 2483 fonte,
1154 2375 1387 2488 undeffg'fluss,

247 2489 304 2564 sua
324 2494 490 2588 dogmata
510 2513 650 2586 utraque
670 2489 828 2577 derivat;
861 2490 990 2585 dequo
1009 2494 1083 2589 jam
1098 2495 1169 2589 juna
1190 2516 1233 2575 te·
1247 2504 1384 2627 {ifimssgp

248 2590 399 2685 tigimos.
451 2591 505 2662 Ex
522 2614 589 2685 quo
605 2588 841 2684 consequitor3
874 2583 1028 2686 sr'atiqua
1048 2592 1134 2681 sint,
1162 2581 1347 2691 quamossssn,

243 2686 385 2760 Divinis
403 2689 524 2763 Literis
542 2712 643 2785 agere
663 2707 721 2758 aut
744 2687 906 2759 omittere
926 2689 1125 2782 jubeamur,
1153 2717 1233 2791 quo
1246 2695 1371 2754 exserto

243 2807 318 2861 tunt
343 2785 573 2859 necessitatem
592 2807 707 2857 tamen
734 2785 821 2857 ratio
839 2784 899 2858 fibi
925 2787 1044 2862 relisit
1067 2774 1380 2887 perspice-atsaiw

244 2908 280 2956 re
294 2887 432 2979 nequit,
447 2886 503 2959 illa
525 2906 623 2959 entra
642 2884 701 2978 jus
723 2884 890 2957 Naturale
908 2883 1044 2977 effe,&
1060 2888 1103 2963 ad
1116 2891 1240 2965 Theo-⁴

242 2982 370 3078 logiam
385 2984 560 3057 Moralem
585 2984 724 3080 proprie
746 2980 914 3077 speritate.

1147 3088 1239 3162 Pte..

245 3303 378 3362 dodrlnae
397 3305 468 3383 Jurlt
489 3308 658 3375 Naturalis,
686 3304 907 3382 &Theologla
930 3307 1065 3366 Moralla.
1110 3313 1240 3388 Quarum

244 3382 336 3458 primo
352 3378 393 3436 est
410 3380 532 3439 desumto
549 3402 565 3441 a
580 3385 708 3459 principio
722 3380 931 3459 monsterii,
953 3386 1035 3440 verb.
1054 3385 1169 3456 primori
1185 3389 1240 3464 igi·-

242 3473 307 3518 ωτι
328 3455 457 3515 Secunda
473 3475 487 3513 a
503 3461 629 3532 pontimi
650 3463 739 3535 legum
757 3461 900 3536 odiendo,
921 3458 1000 3518 verb.
1019 3473 1157 3532 preterca,
1178 3481 1240 3538 quae

242 3551 281 3595 ex
295 3532 475 3608 precedente
488 3533 569 3592 fluit:
588 3536 704 3603 Tertia,
725 3553 741 3592 a
752 3534 825 3612 fine,
843 3540 924 3595 verb.
941 3534 1010 3592 iilud
1022 3549 1106 3606 porro.
1146 3541 1238 3620 Quar.

242 3625 273 3672 ta
287 3613 324 3668 ab
336 3612 519 3684 applicationis
532 3609 681 3684 dioerssrute
697 3612 777 3672 verb.
796 3631 830 3671 ea
845 3631 894 3688 prro
909 3609 946 3682 ὅ
961 3612 1043 3678 illud,
1064 3631 1125 3687 qoae
1136 3633 1172 3674 en
1182 3630 1237 3676 ter·
1316 3657 1318 3661 «

243 3691 285 3747 tia
303 3686 459 3760 dependet.
496 3689 545 3747 De
566 3699 672 3745 catero
691 3702 790 3747 omnes
810 3688 864 3747 ille
887 3687 1071 3761 differentia,
1093 3692 1237 3754 modoro-

242 3767 286 3826 ἂι
299 3765 512 3838 lntelliganttrr,
533 3764 648 3823 admitti
662 3762 784 3839 ponunt.
823 3766 944 3826 Ttrtus.

282 3842 339 3919 (i)
357 3842 528 3918 Patronus]
566 3838 633 3902 Llli.
655 3843 695 3901 11.
716 3840 785 3903 Fab.
800 3845 839 3904 V.
863 3843 932 3903 vers.
953 3857 982 3900 1.
1002 3841 1029 3902 dt
1047 3841 1123 3921 seqq.

385 4030 432 4100 Es}
453 4038 625 4110 Arretium
644 4039 762 4117 quaedote
780 4040 868 4103 nm
885 4045 972 4115 natio,

386 4109 498 4192 Trepida
509 4117 680 4198 mulam,
700 4117 756 4189 &o
804 4120 960 4191 &aaron
980 4119 1007 4184 tr
1025 4121 1129 4203 Orno.

699 4277 757 4357 lt
1178 4279 1231 4360 ll]
