3000 5150
330 499 333 505 ⁴
385 501 570 586 Lto.'l.
643 514 772 590 Cre.
807 513 923 591 XVI.
1069 543 1143 617 507

225 689 324 801 ρι’),
363 711 439 785 quoe
466 685 516 760 est
539 683 657 858 crggssi
684 686 721 760 dr
756 690 859 764 debiti
885 648 973 765 inter
1005 691 1038 767 se
1063 716 1145 771 con·

149 639 198 696 ἱ

151 716 200 767 NE

153 792 321 875 tribuous
346 786 400 859 seu
430 787 567 886 quando·
617 785 728 860 ebitor
749 788 831 862 ideo
859 789 1040 879 liberatur,
1066 797 1146 889 quia

151 889 263 961 eidem
287 866 362 981 ipsi
382 886 533 957 creditor
553 907 626 958 rem
648 885 800 981 ejusdem
822 888 984 985 generis,
1011 888 1049 963 ἂ
1069 916 1146 983 quae

152 986 317 1059 tantidem
349 981 423 1069 est,
465 981 610 1056 vicillrm
638 984 765 1076 liquido
792 986 894 1059 debet
928 985 1006 1085 (o)
1057 989 1145 1065 Cum

150 1083 264 1170 enim,
306 1081 461 1175 inprimis
482 1083 516 1155 in
542 1084 641 1155 rebus
668 1078 908 1177 fungibilibus,
944 1088 1144 1162 tantundem

152 1182 193 1255 stt
217 1182 333 1268 idem3
359 1180 397 1253 δι
420 1204 525 1266 vero,
554 1180 609 1251 ubi
628 1200 783 1252 mutuum
804 1180 855 1254 est
871 1185 1049 1274 debiturn,
1076 1186 1143 1258 mi·

149 1280 187 1355 hi
210 1280 321 1353 statim
347 1278 546 1351 tantundem
569 1274 651 1350 ellet
677 1278 909 1369 reddendum,
944 1300 1047 1376 atque
1073 1282 1144 1379 ipse

150 1379 303 1473 accepi:
338 1376 443 1471 igitur
472 1377 681 1450 declinandis
713 1377 890 1451 inutilibus
921 1378 1143 1454 solutionibus

150 1473 461 1550 commodissimum
476 1475 548 1560 est,
576 1494 758 1572 utrumque
780 1475 876 1548 suum
891 1479 1072 1550 retinendo
1090 1480 1143 1552 lo·
1177 1555 1181 1561 ,

150 1574 281 1648 lutione
303 1572 444 1668 defungi
480 1572 562 1668 (p).
623 1572 722 1653 Patet
747 1594 888 1661 autern,
927 1577 1143 1669 compensari

150 1673 289 1768 proprie
317 1668 408 1761 polle
433 1670 496 1763 (q)
533 1696 585 1743 tes
605 1669 789 1769 frangibiles
813 1672 965 1766 ejusdem
985 1677 1142 1768 generis,

93 1810 107 1827 s
149 1794 290 1866 quarum
316 1768 551 1841 solvendarum
572 1790 707 1865 tempus
724 1775 867 1862 praeiens
884 1769 952 1854 est,
979 1792 1036 1843 aut
1054 1796 1141 1865 prae·

151 1870 266 1941 teriit:
301 1890 370 1939 non
396 1867 478 1938 alias
502 1889 555 1940 res
579 1888 637 1939 aut
661 1869 894 1963 ptaestationes
918 1870 1060 1941 divetsae
1083 1893 1142 1941 na·

150 1986 232 2038 turae
258 1967 342 2062 (r):
368 1964 429 2041 nisr
446 1963 535 2039 forte
558 1964 625 2038 illae
649 1969 807 2063 utrinque
824 1966 859 2039 in
878 1966 926 2040 sui
944 1966 1142 2043 aestimatio·

149 2087 251 2155 nem,
275 2064 330 2137 seu
351 2063 388 2134 in
410 2065 591 2155 pecuniam
611 2064 833 2138 resolvantur.

304 2261 335 2353 J.
362 2258 411 2333 N.
437 2254 479 2338 is
507 2258 549 2331 G.
578 2258 599 2328 l.
628 2281 664 2329 v.
689 2283 717 2331 r.
749 2282 804 2331 ιι.
830 2257 861 2356 l.
888 2281 934 2349 5,
960 2264 994 2331 6.

1055 2420 1142 2496 Tol·

148 2628 220 2677 quam
246 2617 350 2666 solutum
366 2626 499 2675 repetere,
520 2614 535 2662 1.
554 2624 576 2668 3.
595 2613 626 2661 D.
657 2613 766 2661 tantors.
781 2615 854 2678 caup.
870 2619 927 2682 φιν.
943 2617 995 2678 Olfi
1009 2617 1139 2684 4⁴⁶0!qu-

145 2684 173 2728 ἡ
191 2683 293 2740 comptas.
325 2684 393 2730 lderrt
408 2690 507 2736 quoque
524 2678 582 2723 utile
592 2677 626 2723 est
659 2677 758 2726 Trrrus.

146 2745 304 2806 reipublice,
321 2745 377 2803 quia
389 2743 488 2791 malitiae
500 2738 626 2788 bominum
690 2740 743 2802 (s)
761 2742 854 2804 Liquido
871 2740 965 2806 dour}
1007 2741 1137 2798 Liquidum

146 2808 273 2865 occurrit,
303 2807 390 2856 minuit
412 2807 540 2863 ambages,
567 2803 627 2850 nulli
659 2809 796 2860 appellatur
815 2805 940 2863 debitum,
959 2809 1024 2864 quod
1038 2807 1140 2856 debitor·

144 2871 178 2918 est
194 2871 356 2927 invidiosum,
379 2883 427 2918 nec
445 2869 496 2917 finit
513 2865 567 2914 fieri
582 2879 627 2923 per
657 2866 709 2925 ipse
734 2869 838 2917 fatetur:
862 2872 903 2917 vel
924 2873 939 2917 fi
962 2871 1028 2917 idern
1047 2884 1139 2930 negare

144 2937 231 2993 ptura,
254 2938 321 2992 quod
345 2946 485 2995 perpauca
508 2929 562 2978 fieri
581 2942 625 2987 no·
657 2931 718 2978 vetit
733 2931 873 2988 malitiosa
896 2936 936 2980 vel
952 2933 1072 2982 debitoris
1099 2935 1138 2982 lir-

142 2998 196 3046 tcst.
211 2998 261 3046 vid.
279 3001 379 3050 Grotius
391 3000 421 3046 ll.
434 2999 461 3045 ds
474 2995 501 3058 J.
518 2995 547 3041 Β.
564 2993 626 3042 ¹32.
657 2996 730 3052 terls,
748 3001 788 3043 vel
805 2996 899 3044 tertium
916 2996 1063 3044 idoneorum
1075 3009 1138 3054 proe-

142 3077 161 3106 c.
179 3073 202 3116 7.
218 3063 238 3121 S.
255 3077 278 3110 2.
297 3066 319 3110 u
339 3064 380 3108 ΙΙΙ.
394 3078 414 3107 c,
428 3069 465 3119 ιφ.
482 3054 504 3116 b.
522 3069 559 3109 rs.
582 3057 625 3115 (s)
657 3057 848 3104 sentiasaclle&
863 3060 911 3104 fine
925 3059 1137 3118 ambagibuspro-

142 3125 277 3172 Prudenter
300 3137 361 3170 vero
389 3120 495 3169 Romani
522 3130 572 3163 nort
600 3116 625 3163 ln
657 3118 708 3166 bari
729 3119 816 3176 potest.
848 3120 967 3166 Τιιιυιιι.

141 3187 225 3234 debito
241 3187 396 3242 specierum,
410 3190 459 3229 taut
473 3179 626 3226 diversorum
686 3181 742 3239 (p)
757 3183 868 3227 solistim
885 3180 1008 3243 afar-311.
1026 3182 1138 3236 Eiusmo-

142 3261 274 3307 generum,
292 3251 332 3294 vel
345 3245 528 3303 praestationum
542 3240 625 3314 perso·
653 3226 678 3288 di
709 3244 837 3302 reciproca
868 3244 890 3290 ur
919 3245 1022 3292 ide-tica
1046 3245 1137 3296 solutio

141 3311 253 3366 natium,
278 3311 320 3358 sed
335 3320 426 3356 tantum
446 3306 470 3354 in
486 3302 626 3360 quantitati·
654 3306 767 3353 eumdem
782 3308 880 3353 altulum
895 3318 1137 3366 mereretur,quem

144 3376 189 3422 bus
208 3373 317 3430 ejusdem
335 3371 450 3432 generis,
477 3370 506 3416 ab
521 3379 625 3422 utraque
653 3370 765 3417 Locrrrus
785 3370 996 3428 propositionibus
1015 3373 1137 3424 idemricis

142 3449 212 3497 parte
230 3440 323 3496 liquido
344 3431 450 3494 debitis,
479 3429 623 3488 compensa·
655 3431 753 3488 tribuit,
773 3444 833 3487 quaa
854 3435 963 3490 appellat
989 3436 1136 3494 nugatorias.

141 3501 235 3550 tionem
256 3499 422 3552 admiserrrnt3
445 3497 501 3555 qula
527 3495 623 3542 illarum
655 3495 831 3552 Compensatio
861 3495 944 3555 itaque
975 3498 1060 3547 nititur
1085 3512 1139 3549 nota

140 3565 235 3627 pretia,
252 3567 299 3612 srne
307 3563 402 3624 praevla
416 3558 623 3610 tantimodum
654 3569 747 3608 tanturn
780 3559 954 3608 commoditate
989 3561 1139 3624 solutionis,

144 3640 220 3678 certa.
237 3629 293 3676 vide
312 3629 328 3675 i.
341 3627 365 3686 s.
381 3628 406 3673 c.
421 3621 564 3684 leconpaafi
594 3622 623 3670 In
655 3621 787 3670 sedetiam
810 3623 977 3671 concinnitate
996 3627 1025 3673 ad
1045 3627 1141 3674 evitata·

141 3691 230 3741 cereris
252 3705 313 3738 vero
334 3690 478 3747 separabant
495 3686 624 3744 essiones,
656 3687 712 3733 dam
733 3687 904 3734 absurditatem
920 3690 1062 3744 repetendae
1081 3690 1137 3738 iuu-

142 3768 174 3802 ne
200 3755 306 3804 formula
327 3752 542 3807 confunderetur3
572 3749 622 3798 uid.
655 3750 705 3798 tilis
732 3749 881 3808 solutionis,
910 3763 964 3809 quae
983 3752 1074 3802 fraudis
1094 3756 1137 3804 vel

141 3821 236 3868 Seneca
261 3821 301 3868 Vl.
320 3817 346 3866 ds
366 3817 445 3877 Baras.
469 3831 491 3862 c.
511 3815 534 3864 6.
559 3813 622 3872 (37.
654 3815 810 3872 deceptionis
824 3813 932 3872 speciem
946 3815 1138 3879 preference,

142 3883 223 3932 Orno.
655 3890 681 3924 ιιι
692 3877 784 3928 indicat
793 3879 926 3929 Paorrusus
939 3881 972 3926 a
983 3881 1005 3926 b.
1019 3883 1036 3930 1.
1040 3894 1066 3944 p.
1080 3893 1137 3937 250,

173 3947 227 4008 (a)
251 3948 367 3995 sitiuntur
386 3957 467 4006 qaoque
481 3945 623 4003 alligarimr
654 3943 734 3990 Ioum.

141 4009 335 4072 conpensatione}
368 4008 429 4055 llaec
446 4006 480 4053 est
493 4009 580 4063 deliri,
596 4007 623 4052 ab
686 4005 741 4068 (q)
760 4009 827 4054 Patet
841 4017 930 4064 aaron,
944 4006 1140 4070 sumserim-

139 4077 204 4123 citari
228 4075 324 4123 blito·
341 4075 490 4132 reciprocam,
506 4070 622 4128 stallatis,
648 4073 701 4132 pris
714 4067 800 4130 pom
834 4069 909 4117 Meto
922 4069 1136 4134 Jurelluaturati,

140 4142 171 4187 al
186 4154 210 4186 aa
228 4151 335 4198 rampart,
351 4152 393 4197 qao
406 4149 520 4194 utrunque
532 4132 622 4192 existit,
654 4132 747 4189 quaevis
766 4130 951 4194 fumigationes,
972 4147 1054 4184 rerum
1075 4150 1138 4195 prae·

140 4219 170 4251 aa
184 4205 291 4251 omrai
309 4201 435 4249 tantuin·
447 4198 526 4260 offitia
539 4197 622 4259 fitia,
654 4196 783 4245 stationem
807 4195 984 4261 respicientes,
1018 4211 1138 4259 compen·

139 4267 173 4320 da
187 4278 238 4329 quo
261 4269 334 4331 plura
357 4261 409 4315 dixi
430 4261 457 4315 in
481 4259 574 4326 (lisera.
592 4259 625 4316 ad
653 4260 701 4312 stri
713 4260 830 4328 possum,
845 4259 1004 4315 uoerverara
1018 4262 1140 4381 samboldi¹
