3000 5150
368 413 701 486 Paonroourrrt
729 425 784 482 ne
815 408 1010 485 Hturru.
1045 405 1117 493 dre.
1194 442 1239 516 27
1277 417 1279 425 '

298 588 330 689 5.
367 591 423 665 82.
455 586 648 661 Prudentiae
682 587 870 680 opponitur
897 588 1145 686 Imprudentia,
1193 618 1236 672 ua

245 714 323 785 quis
339 713 437 765 veras
457 687 609 761 utilitatis
629 686 762 779 regulas
777 687 934 782 ignorat,
961 712 1002 762 ac
1016 690 1151 786 insuper
1169 619 1233 767 dal·

245 790 290 863 fis
304 790 509 885 quandoque
532 781 583 855 est
607 785 769 857 imbutus.
825 784 908 881 Eam
933 790 1093 873 naturalis
1115 789 1236 885 stupor

244 910 288 961 ac
309 886 487 985 ignavia,
519 881 699 978 ingenium
722 883 929 973 excolendi,
973 890 1170 986 plerumque
1195 890 1237 964 st·

242 988 315 1059 mul
341 988 500 1083 gignunt.
748 1074 757 1089 ι

293 1082 326 1180 ᾗ.
354 1093 415 1175 83.
443 1076 576 1151 Deinde
594 1076 790 1150 Prudentrae
805 1078 991 1173 opponitur
1005 1081 1168 1177 Versutia,
1180 1087 1235 1161 seu

243 1182 327 1255 salla
344 1176 544 1266 Prudentia,
568 1196 644 1270 quae
669 1176 786 1246 omnia
809 1178 956 1249 utilitate
979 1182 1117 1272 propria
1136 1187 1234 1256 meti·

247 1301 323 1374 tur,
348 1278 500 1369 adeoque
515 1297 583 1346 non
601 1272 796 1345 aslionibus
812 1274 913 1346 licitis
940 1276 1122 1349 utilitatem
1140 1281 1236 1354 inno·
1279 1329 1281 1332 -

247 1380 370 1465 xiam,
402 1374 481 1461 sed,
515 1396 575 1469 per
599 1369 697 1444 nefas
723 1393 865 1444 aecum
896 1373 1031 1447 laefione
1061 1376 1233 1464 aliorum,

245 1474 466 1549 commodum
493 1471 672 1565 proprium
697 1470 828 1565 quaerit.
881 1471 1034 1544 Versutis
1053 1496 1124 1545 non
1141 1477 1236 1552 deest

242 1574 441 1672 ingenium,
468 1572 560 1666 quod
586 1568 758 1661 optimum
778 1569 812 1640 in
836 1567 877 1639 iis
899 1569 987 1657 saepe
1009 1572 1236 1662 deprehendi.

243 1694 321 1760 tur,
348 1671 403 1745 sed
421 1669 530 1741 virtus
545 1664 583 1739 δι
602 1668 692 1763 leges
711 1666 912 1739 observandi
930 1664 1088 1742 studium.

291 1768 322 1869 §.
347 1777 404 1858 84.
431 1764 652 1842 sicatcutum
670 1765 963 1851 fenestrulam,
990 1768 1230 1860 utplurimum
1316 1840 1318 1844 .

244 1868 333 1942 inter
352 1866 533 1953 homiues,
558 1861 710 1937 maxime
727 1883 905 1958 potentes,
931 1864 1127 1939 Prudentiae
1152 1874 1235 1943 titu-

183 2000 185 2007 “
243 1971 279 2042 lo
304 1966 462 2040 Versutia
489 1961 661 2058 superbit,
686 1960 723 2035 dt
745 1960 859 2055 potest
883 1961 937 2034 illa
955 1961 1149 2039 rudioribus
1168 1970 1234 2043 suis

245 2063 424 2162 insigniter
446 2062 608 2149 blandiri,
637 2059 763 2146 srlaesr,
788 2061 869 2132 dolo
884 2059 987 2149 elusi,
1016 2065 1071 2135 vel
1096 2065 1133 2137 vi
1149 2069 1237 2162 inju-

246 2161 296 2234 sta
315 2159 483 2257 oppreffi,
510 2158 595 2232 nihil
621 2178 740 2229 contra
764 2158 938 2229 versutum
963 2159 1076 2231 moliri
1092 2186 1237 2255 queant,

248 2278 322 2331 tum
346 2260 437 2331 enim
459 2258 514 2329 ille
535 2255 674 2325 maliriae
692 2254 759 2324 suae
779 2252 931 2324 frustum
956 2256 1098 2347 impune
1121 2260 1238 2347 sentit3

249 2355 307 2427 sed
336 2353 361 2425 st
390 2353 476 2440 lost,
504 2350 591 2423 'ulia
610 2351 739 2421 ultione
762 2347 894 2421 accensi
924 2348 1123 2446 viribusque
1150 2354 1239 2429 suffi.

248 2454 417 2526 cientibus
443 2377 620 2533 indracti,
647 2447 786 2541 injurias
804 2448 911 2521 illatas
945 2447 1137 2541 vindicent,
1164 2474 1238 2527 turn

245 2550 419 2624 versutum
448 2570 517 2622 non
552 2545 782 2641 prudentem,
819 2544 876 2620 sed
899 2542 1074 2642 insrguiter
1096 2548 1235 2628 stultum
1345 2593 1352 2597 v·

243 2647 359 2738 fuisse,
385 2648 498 2722 exitus
514 2646 600 2734 saepe
615 2641 772 2720 ostendit.

293 2747 325 2846 5.
362 2755 420 2835 85.
456 2743 511 2841 nd
547 2743 768 2816 Prudentiam
796 2741 901 2817 eriam
938 2744 1085 2838 pertinet
1113 2747 1234 2824 tritum

241 2848 390 2926 Rationis
404 2846 518 2919 Status
534 2863 681 2928 nornen,
707 2862 787 2915 nant
798 2843 921 2916 eodem
940 2843 997 2915 vel
1015 2846 1081 2936 ipsa
1095 2848 1236 2940 utilitas,

244 2944 303 3017 vel
326 2945 492 3040 prudentio
519 2965 587 3014 eam
607 2943 795 3036 procurandi
818 2940 978 3014 innuitur.
1042 2946 1082 3015 ln
1104 2942 1235 3041 signifi·

243 3062 325 3115 catu
350 3043 453 3116 etiam
484 3038 622 3127 latiori,
657 3038 713 3113 vel
743 3038 922 3112 utilitatem
945 3036 1232 3134 &prudentiam

243 3144 403 3214 innoxiam
421 3162 463 3212 ac
478 3140 619 3228 licitam,
646 3139 845 3211 velitarium
861 3135 901 3211 ἃ
924 3138 1066 3211 illicitam
1083 3141 1237 3241 brastan-

246 3240 374 3333 dumque
396 3256 526 3321 notat,
554 3237 598 3310 de
626 3259 695 3326 quo
721 3235 756 3309 in
777 3237 909 3333 Specim.
928 3240 999 3332 jur.
1025 3239 1113 3330 publ.
1139 3244 1161 3313 l.
1186 3263 1236 3314 rr.

248 3357 275 3405 c.
305 3357 340 3422 9.
367 3337 526 3410 nonnulla
551 3333 762 3430 consignavi.

296 3429 328 3528 i·
363 3437 422 3509 86.
456 3431 507 3504 Etr
530 3432 694 3506 hablenus
717 3429 818 3505 dietis
845 3430 1100 3525 disciplinarum
1123 3455 1236 3511 mora·

244 3531 328 3606 lium
345 3526 569 3616 differentia,
595 3552 721 3622 nempe
743 3529 919 3625 lbeologioe
940 3523 984 3609 &²
1003 3529 1162 3606 Dourtnae
1186 3536 1237 3606 Ci-

245 3631 319 3702 or‘lir
338 3631 372 3701 ir
386 3651 522 3725 genere,
545 3627 612 3699 vel
624 3627 794 3723 llrtologt'oe
819 3626 857 3700 dr
878 3627 1142 3721 Jurr‘rprudrrrtiae
1162 3634 1233 3706 Nu.

247 3729 380 3816 ruralis,
407 3747 467 3799 aut
493 3724 760 3818 Jurispruderrtioe
782 3722 820 3797 dt
845 3725 1023 3798 Prudentia
1049 3729 1105 3802 vel
1122 3731 1235 3822 Jnrr'r·

245 3827 416 3920 prudentie
438 3822 637 3915 Universalis
658 3821 695 3896 dt
719 3825 951 3913 Particularia,
977 3823 1061 3898 haut
1093 3826 1235 3904 difficul-

250 3943 302 3994 ter
331 3922 445 4020 colligi
477 3921 516 3997 &
552 3919 696 4016 intelligi
727 3919 874 4018 pollunt.
942 3921 1057 3998 Nobis
1084 3926 1236 4004 breviter

252 4018 481 4120 Theologiam
508 4019 547 4097 ἃ
577 4020 883 4118 Jurisprudentiam
914 4019 1099 4118 diuinam,
1132 4046 1171 4099 ut
1194 4027 1236 4104 dt

1124 4124 1237 4220 lianc,
