3000 5150
385 480 437 562 tt
538 476 611 550 Dr
659 467 904 547 Onrrcro
952 462 1216 542 Hontnta

388 653 447 729 ubi
468 652 502 725 in
520 651 633 745 aliquo
654 649 801 737 fuerint,
830 642 1008 741 postquam
1026 643 1106 741 quid
1130 642 1219 718 velit
1240 638 1370 755 lignifi·

389 752 502 839 eavit,
538 749 706 822 necelium
730 745 799 833 est,
836 744 871 817 in
894 745 1010 817 animo
1033 743 1281 815 bominisortri
1305 767 1373 816 me·

391 872 491 938 turn,
531 848 721 920 reverentia
745 862 998 938 temperatum:
1032 841 1126 914 illum
1153 842 1298 935 quidem
1332 864 1373 914 ex

390 946 566 1047 potentia,
594 947 682 1017 hanc
695 951 807 1017 autem
824 963 867 1013 ex
884 937 1156 1012 consideratione
1172 939 1373 1028 causarum,

392 1070 468 1143 quae
485 1046 588 1118 etiam
605 1063 742 1115 remoto
760 1062 852 1113 metu
870 1038 1003 1110 allicere
1028 1038 1175 1133 aliquem
1206 1039 1376 1113 debebant

390 1147 433 1218 ad
457 1143 550 1216 istius
582 1144 796 1212 volontatem
830 1134 1114 1231 ampleelendam.
1182 1136 1257 1234 Qui
1286 1138 1375 1209 enirn

390 1242 516 1317 nullam
533 1241 699 1311 rationem
719 1239 861 1332 allegare
884 1234 1004 1320 novit,
1033 1259 1136 1330 quate
1157 1235 1248 1307 milri
1265 1236 1376 1307 invito

389 1327 633 1436 obligationem
654 1335 735 1408 velit
759 1334 974 1426 impingere,
1001 1355 1125 1427 praeter
1148 1332 1236 1405 solas
1263 1332 1375 1418 vites,

390 1440 555 1512 isterrere
575 1435 710 1528 quidem
730 1455 786 1504 me
806 1427 936 1524 potest,
972 1450 1007 1501 ut
1028 1429 1232 1525 effugiendo
1257 1431 1376 1527 majori

388 1534 481 1608 malo
499 1532 560 1629 ipsi
581 1530 739 1622 tantisper
760 1551 876 1625 parere
892 1526 989 1599 satius
1005 1528 1151 1617 ducam,
1176 1529 1235 1601 sed
1251 1552 1297 1600 eo
1312 1554 1377 1601 me·

390 1653 426 1706 tu
454 1650 589 1703 remoto
619 1628 700 1700 nillil
726 1630 869 1723 amplius
892 1622 1026 1713 obstat,
1064 1651 1133 1723 quo
1161 1626 1280 1699 minus
1303 1650 1377 1699 meo

390 1730 525 1825 potius,
559 1748 660 1822 quam
688 1726 776 1799 iilius
803 1723 943 1796 arbitrio
968 1741 1078 1819 agam.
1137 1726 1289 1815 Contra,
1327 1724 1378 1821 qui

390 1829 539 1900 rationes
565 1825 700 1918 quidem
728 1824 854 1910 habet,
881 1843 985 1916 quare
1005 1845 1071 1918 ego
1096 1821 1160 1915 ipsa
1177 1845 1302 1917 parete
1324 1829 1379 1896 de·

389 1926 510 2010 boam,
540 1947 558 1993 a
576 1923 703 1994 viribus
718 1944 833 1993 tamen
849 1919 976 1989 malum
995 1921 1131 2013 aliquod
1158 1922 1243 1994 mihi
1267 1924 1380 2009 impo-

390 2023 492 2096 nendi
513 2018 723 2108 destituitur,
757 2020 828 2113 ejus
854 2015 941 2110 julla
961 2016 1104 2111 impune
1128 2019 1149 2091 a
1173 2042 1232 2092 me
1245 2016 1381 2115 poliunt

389 2118 544 2215 negligi,
590 2118 623 2189 ni
655 2117 828 2211 potentior
851 2116 969 2212 aliquis
1005 2118 1104 2213 hujus
1140 2115 1380 2190 autioritatem

389 2217 623 2314 proculcatam
639 2216 809 2287 adsertum
832 2233 899 2286 eat.
950 2212 1118 2290 Rationes
1133 2234 1272 2306 autem,
1297 2237 1380 2309 qua·

388 2316 525 2411 aequit
552 2315 563 2399 l
576 2315 627 2411 g)
662 2314 755 2388 recle
784 2308 953 2402 postulare
984 2334 1107 2406 queat,
1146 2334 1183 2386 ut
1204 2315 1248 2387 ab
1273 2313 1383 2386 altero

389 2411 451 2490 fibi
469 2416 746 2510 obtemperetur,
775 2413 870 2498 sunt3
895 2409 920 2482 st
940 2410 982 2481 ab
1000 2410 1064 2485 isto
1079 2417 1115 2485 in
1132 2411 1227 2486 hunc
1245 2411 1385 2507 infignia

1297 2532 1385 2608 quae·

388 2686 455 2743 lem,
481 2680 559 2743 qualis
587 2680 729 2741 sapientiam
753 2679 873 2730 infinitam
905 2692 960 2742 qnae·
986 2686 1107 2737 felicitatis
1139 2687 1193 2737 suot
1218 2684 1384 2736 admlnlcnlrr

390 2750 482 2796 decatr
505 2759 555 2794 non
581 2758 662 2792 tamen
683 2745 763 2792 omnis
786 2745 873 2805 egendi
905 2748 1010 2798 sednon
1028 2764 1103 2800 omne
1122 2751 1165 2807 id,
1191 2751 1262 2809 qood
1281 2751 1384 2799 maiorm

390 2808 872 2871 naceffitasoblr'gationisnominecorn·
906 2814 1013 2862 animum
1047 2826 1238 2863 commoventes
1274 2814 1384 2873 adhibet,

390 2872 481 2935 bellari
499 2871 598 2928 potest,
613 2872 671 2919 licet
687 2871 765 2925 omnis
782 2873 873 2930 obliga·
905 2875 1030 2931 obligandi
1050 2879 1102 2927 vim
1127 2877 1212 2926 secum
1233 2878 1310 2928 btbet
1331 2890 1384 2927 oon-

391 2936 428 2987 rio
453 2937 616 2983 neeellltrtem
646 2939 764 2983 moralem
794 2937 873 2984 inclrr-
904 2939 1146 3001 junt‘iamtlntpuna
1165 2941 1235 2990 etaim
1246 2944 1384 2991 multatrt·

391 2998 452 3047 alat:
474 3002 550 3047 multa
580 2998 645 3045 enim
664 2999 796 3047 necessaria
818 2998 873 3047 sunt
905 3005 985 3059 tiones
1003 3005 1142 3064 adspernari
1156 3002 1384 3065 nonnumquamli·

391 3060 515 3123 arrrffitatr
525 3061 595 3122 finit,
613 3072 662 3109 non
680 3062 802 3124 necrffltatt
818 3066 871 3111 rili·
906 3079 955 3117 cet.
987 3069 1059 3130 Quod
1080 3071 1096 3117 fi
1114 3069 1224 3128 dixeris,
1240 3069 1308 3123 „voci
1326 3068 1384 3116 obli·

389 3128 495 3198 ‘grieria
536 3126 652 3181 Denique
677 3125 735 3187 (e)
756 3126 872 3175 confundi
904 3131 976 3192 gandi
998 3133 1070 3179 aliam
1100 3130 1180 3181 ideam
1204 3144 1253 3191 pet
1280 3129 1385 3193 pbiloso-

391 3191 431 3237 luc
448 3189 545 3237 videtur
566 3188 687 3247 persiano
705 3203 762 3237 cum
782 3192 873 3250 obliga·
906 3196 995 3256 pbandi
1018 3196 1158 3244 libertatem
1184 3195 1234 3243 else
1255 3192 1386 3253 adjectam

392 3244 480 3313 tioner
500 3254 538 3301 vls
562 3251 645 3300 moniti
661 3256 701 3300 vel
722 3256 833 3313 conilil,
851 3255 874 3301 ἀ
906 3272 977 3308 notet
998 3260 1074 3307 velim
1089 3259 1114 3307 in
1133 3271 1161 3306 re
1174 3257 1237 3307 tanti
1253 3257 1387 3315 momenti,

392 3316 432 3377 tris
447 3314 507 3374 legis
522 3317 562 3361 vel
580 3316 745 3373 obligationis:
765 3319 873 3373 quicum·
906 3336 960 3383 quer
977 3323 1050 3371 totius
1065 3321 1165 3373 moralia
1182 3320 1340 3382 obligationis
1353 3321 1386 3368 in·

394 3391 444 3441 que
460 3379 525 3426 enirn
538 3377 576 3435 jus
586 3380 658 3428 babet
668 3380 814 3439 argumentis
827 3376 875 3429 suis
907 3389 990 3433 doletn
1007 3386 1145 3445 pervertit,
1169 3384 1267 3434 cautius
1284 3384 1386 3446 pbiloso-

395 3455 441 3497 nos
465 3443 598 3491 inclinandi
619 3445 642 3490 ln
659 3457 729 3494 unam
755 3449 795 3491 vel
816 3448 875 3491 nlte·
906 3450 1046 3508 plrandum,
1067 3462 1115 3497 nee
1138 3448 1193 3497 talia
1218 3448 1291 3497 modi
1310 3450 1387 3498 idean

393 3519 446 3567 ram
475 3519 586 3565 partem,
618 3519 668 3554 non
691 3507 768 3555 statim
787 3510 875 3564 gaudet
907 3514 1032 3562 vocabulo
1053 3514 1099 3561 else
1120 3510 1317 3574 subjiciendam,
1337 3524 1385 3573 qut

394 3566 449 3625 inre
467 3581 512 3617 not
528 3569 665 3628 obligandi:
682 3571 747 3627 quoti
764 3568 802 3625 ius
819 3583 875 3629 pet·
907 3587 1017 3623 naturam
1032 3578 1068 3624 rei
1081 3612 1089 3635 ,
1104 3587 1177 3635 quam
1195 3574 1336 3638 fignificat,
1349 3589 1387 3638 pa·

394 3627 488 3693 iritum
512 3633 628 3688 dirigendi
654 3633 745 3683 nostras
766 3631 876 3682 actionea
908 3640 971 3687 nitus
987 3641 1107 3688 immutat.
1140 3639 1261 3689 Tnnuna.

395 3695 508 3757 involvit.
541 3696 657 3745 Oratores
672 3697 875 3755 rutilantium
941 3703 996 3766 (g)
1015 3707 1121 3751 Rationes
1137 3715 1226 3762 aaran,
1243 3696 1387 3767 qunqaisl·

393 3759 492 3867 profani
511 3752 556 3805 suis
575 3760 709 3808 rationibus
728 3760 876 3819 persuaden-
907 3769 954 3815 sed
979 3780 1033 3824 qno
1052 3765 1119 3822 jutlae
1143 3767 1284 3824 imperandi
1314 3765 1386 3815 canit

394 3821 420 3881 ti
443 3823 492 3868 vssm
518 3822 649 3880 esserunt3
681 3838 730 3871 non
754 3824 876 3878 obligandi
907 3833 965 3887 fint,
983 3830 1176 3887 erponidebet.
1209 3827 1387 3880 Austoriani·

394 3884 539 3943 potestatem
564 3885 604 3935 lbi
624 3899 745 3947 arrogant.
779 3891 875 3946 Obliga·
908 3894 1019 3950 losopbia
1035 3893 1145 3951 ambigua
1157 3891 1209 3953 est,
1229 3905 1258 3941 ac
1274 3894 1321 3942 vix
1338 3894 1386 3941 sub·

395 3947 430 3993 tio
447 3948 546 4005 quidem
576 3950 657 3999 omnis
686 3949 817 4005 coniuncta
841 3951 875 3998 est
908 3955 980 4016 istit,
1004 3956 1140 4004 finitimam
1153 3956 1312 4006 offertionem
1325 3954 1388 4007 aad·

396 4018 452 4057 curn
477 4013 609 4062 rationibus
640 4013 822 4072 inarantibus,
853 4016 876 4060 lit
908 4019 968 4076 pias.
1017 4016 1129 4068 Breviter
1160 4018 1194 4068 fic
1220 4020 1273 4068 dici
1292 4019 1386 4080 potesst

396 4082 426 4121 ta
446 4072 478 4117 est
500 4074 574 4122 ‹livinl
595 4076 699 4125 numinis
722 4077 874 4137 benignitas,
905 4081 977 4142 Jnllae
998 4081 1134 4140 impertndi
1151 4082 1230 4132 causae
1247 4085 1306 4133 dnae
1323 4083 1385 4131 sont:

395 4142 422 4193 ut
439 4132 468 4182 nel
483 4138 562 4184 nullnt
584 4139 642 4187 allas
657 4139 768 4189 titiones
791 4143 874 4188 bunia·
906 4144 948 4206 (r)
964 4147 1117 4207 Dependratr‘a
1133 4145 1237 4204 subierat
1254 4147 1289 4197 ab
1311 4148 1388 4206 tone·

394 4204 453 4262 utto
475 4209 554 4263 genua
571 4201 675 4271 obligati
695 4202 774 4268 velit,
801 4216 874 4267 quam
905 4220 976 4271 rante
984 4242 995 4273 ,
1010 4222 1083 4273 qun,
1098 4212 1180 4270 ‘litotd
1194 4200 1387 4325 imum&
