3000 5150
426 482 661 583 ¹urst.
737 477 976 554 crnlu
1071 509 1074 522 ·
1162 488 1238 581 zu
1299 450 1367 562 ,“

243 661 359 739 officia
385 658 601 732 humanitatis
629 659 693 728 late
726 654 791 728 sefe
823 656 1019 749 pervitam
1050 649 1241 731 humanam

245 762 458 847 dlli'uudaut,
485 758 574 830 haud
592 756 777 852 quidquam
801 775 916 827 [anien
934 775 979 826 ex
996 773 1041 825 eo
1058 754 1128 829 solo
1140 759 1241 928 fogle

1205 881 1242 931 e.

247 1069 340 1131 plicent
351 1067 429 1125 potell
446 1064 560 1113 etl-fitam
571 1064 724 1122 produceret
758 1074 781 1118 s.
795 1060 938 1119 subilcltur;
960 1061 1090 1121 videntur.
1114 1068 1130 1116 ll
1147 1069 1240 1116 verbn·

247 1136 289 1181 vel
317 1132 382 1179 enlm
411 1144 432 1179 ι.
457 1130 556 1185 aliquod
576 1128 636 1186 ius,
659 1126 726 1184 quad
757 1139 811 1173 rutn
835 1129 1012 1185 proprietatem
1038 1128 1192 1191 petranus,
1211 1134 1242 1188 ati

247 1199 317 1257 prius
331 1193 502 1242 continebatur
514 1193 538 1238 iu
555 1190 655 1238 naturali
672 1190 725 1245 ipli·
758 1202 846 1236 omnes
863 1191 934 1249 supra
949 1192 1079 1239 recenlitas
1101 1206 1243 1246 mutuorum

248 1275 276 1307 ns
288 1258 455 1306 transferentis
472 1258 600 1310 libertate,
618 1256 647 1300 ad
666 1257 726 1300 alre·
758 1253 858 1301 aelirum
876 1254 972 1309 species
990 1256 1014 1302 fe
1030 1258 1177 1305 extendere.
1196 1260 1242 1308 Fa·

246 1322 463 1375 rumtraullatunr,
478 1319 532 1365 buic
544 1317 662 1374 competit
674 1327 726 1363 tan·
760 1326 840 1362 lemur
855 1316 1028 1375 nibilominus,
1047 1332 1103 1366 eum
1122 1320 1244 1379 loquendi

248 1384 377 1442 quamius
400 1384 530 1441 personale
557 1379 674 1427 adversus
698 1378 725 1428 ll·
760 1377 830 1427 ufum
843 1378 985 1438 insalubre,
1005 1393 1031 1429 ur
1048 1384 1116 1432 Paelr'
1130 1397 1244 1445 nomen,

248 1452 313 1503 lum3
328 1460 379 1506 quo
395 1445 468 1504 casu,
485 1455 577 1491 novum
587 1441 627 1499 ius
640 1440 728 1501 perfo-
760 1455 811 1488 nna
832 1444 872 1490 nili
890 1443 921 1492 iis
935 1444 988 1490 fere
1005 1442 1098 1495 aeribus
1110 1447 1245 1510 uiburrur,

248 1515 323 1569 nale,
338 1511 411 1567 eique
422 1508 618 1565 correspondens
636 1505 727 1563 obliga·
761 1504 803 1563 qui
821 1507 851 1551 ab
868 1519 915 1554 una
930 1507 1015 1554 saltem
1032 1519 1104 1567 parre
1119 1509 1245 1560 suntobli·

249 1574 306 1633 tio,
321 1574 400 1631 primo
416 1570 569 1629 constituitur:
587 1572 627 1616 vel
644 1583 667 1618 e.
683 1570 728 1631 Jua
760 1570 861 1626 turarii,
876 1572 893 1617 ι’.
909 1585 929 1618 a.
947 1571 1052 1630 quibus,
1070 1585 1097 1621 ut
1113 1572 1185 1633 supra
1202 1587 1248 1625 ex·

247 1638 398 1694 personale,
413 1637 478 1694 quod
491 1632 647 1681 transferenti
661 1635 728 1690 prius
760 1633 879 1690 plicarum
900 1632 954 1689 eli,
977 1647 1070 1683 novum
1088 1636 1188 1694 aliquota
1205 1636 1247 1694 jus

249 1700 408 1758 competebat
428 1698 543 1745 adversos
562 1696 680 1751 tertium,
697 1696 727 1742 arl
760 1695 892 1753 personale
908 1696 1078 1745 constituitur:
1093 1700 1114 1746 ὰ
1131 1702 1162 1748 ita
1175 1700 1246 1748 virle·

248 1766 354 1812 alterum
374 1762 531 1817 transsatum,
551 1759 609 1808 buie
625 1771 729 1817 compe·
760 1758 848 1806 turlaic
865 1759 968 1820 intelligi
984 1762 1015 1809 ab
1030 1760 1142 1811 Austore
1152 1764 1246 1814 nostro.

248 1827 277 1876 tit
295 1824 410 1874 adversus
435 1827 542 1872 euurlern
563 1822 677 1878 tertium;
702 1824 728 1868 ln
761 1823 834 1868 litias
846 1822 946 1881 quidem
958 1824 1011 1883 Olfi
1025 1823 1049 1871 in
1060 1826 1081 1887 ς.
1093 1827 1141 1888 sq.
1156 1825 1246 1875 definit

249 1886 729 1949 quoeernirurjurlsperfonallstranr-
760 1883 869 1942 raum,
886 1888 953 1943 quod
979 1891 1006 1935 ut
1024 1888 1117 1936 dma-
1137 1895 1175 1938 ael
1192 1893 1248 1952 pi·-

248 1954 305 2002 lets'a
331 1953 356 2001 itt
377 1950 459 2010 speeie
477 1953 508 1999 lic
525 1950 602 1998 uiua:
627 1951 669 1996 vel
686 1950 730 1997 rie·
761 1950 820 1997 ιίιιι
830 1947 955 2009 caafiafirr,
971 1954 1113 2013 obligationis
1125 1954 1249 2003 littetera-

248 2016 324 2074 nique
362 2027 385 2070 3.
409 2015 451 2076 Jus
479 2012 639 2074 personalep
661 2013 730 2071 qunti
756 2011 890 2072 filiasue,
907 2014 1068 2073 ululanda,
1084 2014 1245 2076 caasatlarrrra

248 2079 405 2126 transferenti
430 2078 497 2135 prlos
517 2076 675 2133 competebat
690 2077 729 2123 ad·
762 2087 837 2133 arque
855 2078 918 2122 adeo
939 2075 982 2125 fuls
998 2081 1063 2137 puell
1085 2078 1185 2126 nornine
1208 2080 1247 2126 in·

248 2143 333 2191 versus
351 2153 407 2189 eum
428 2143 457 2188 ad
477 2152 551 2197 quent
570 2139 730 2197 transfertur,
763 2138 863 2198 cludit,
888 2151 939 2186 non
957 2150 1050 2188 tantum
1072 2139 1141 2188 astus
1158 2151 1246 2190 mutuo

249 2209 278 2253 ad
294 2209 357 2253 bute
373 2204 527 2258 transsatum,
550 2204 591 2248 vel
606 2201 629 2247 ei
645 2201 728 2258 potius
764 2201 885 2247 consensu
903 2202 1057 2262 conflantes,
1084 2204 1172 2261 quibus
1190 2203 1248 2259 jura

249 2269 387 2318 remilium,
405 2278 460 2312 curn
473 2264 574 2313 naturali
588 2262 641 2317 ejus
655 2262 728 2311 llber-
762 2263 900 2322 personalia
910 2262 1102 2324 constituuntur,
1112 2266 1154 2313 sed
1167 2267 1189 2313 δι
1200 2278 1248 2317 ene

251 2344 301 2378 tate
326 2331 510 2382 consolidatum
535 2340 585 2385 qun
611 2325 667 2373 caftr
690 2326 730 2381 jus
761 2325 849 2380 ouibus
873 2327 1027 2374 abolentur:
1054 2339 1078 2375 at
1096 2339 1146 2375 ιιοιι
1166 2329 1245 2379 video

250 2393 400 2452 personale,
423 2403 469 2448 qua
490 2390 560 2447 tale,
584 2387 656 2442 eique
674 2401 729 2437 tor·
760 2388 805 2435 ufu
825 2399 954 2445 receptum
972 2388 1036 2446 effe,
1059 2402 1085 2436 ιιι
1102 2389 1170 2440 astus
1190 2392 1247 2450 qui·

249 2456 402 2509 respondens
424 2452 557 2510 oblitane,
579 2454 728 2512 aerimirar.
763 2454 808 2500 bus
821 2449 874 2506 juta
893 2450 1034 2509 personalia
1059 2452 1137 2511 usque
1162 2467 1247 2504 mtre-

282 2520 328 2567 Sed
345 2521 367 2565 &
385 2516 549 2575 unusquisque
564 2516 650 2561 borum
663 2514 729 2563 aflu-
763 2514 913 2575 spondentes
928 2514 1092 2572 obligationes
1102 2518 1248 2582 abolentur,

249 2596 306 2645 um,
323 2582 374 2632 fieri
389 2580 482 2641 potest,
507 2582 548 2627 vel
560 2579 681 2637 solitarie,
697 2579 731 2627 ira
763 2579 836 2636 tnagis
851 2591 924 2637 quana
936 2577 1004 2628 astus
1019 2580 1187 2644 aebutium,
1203 2585 1248 2632 seu

247 2660 276 2694 ιιι
291 2647 330 2703 ius
345 2648 374 2693 ab
398 2659 445 2693 una
465 2654 534 2699 parre
556 2641 730 2711 transferatur,
764 2643 839 2689 realia
860 2643 902 2690 feu
922 2642 1077 2701 personalia.
1097 2645 1128 2692 ab
1147 2660 1197 2694 unu
1215 2647 1246 2696 ae

249 2713 281 2758 ab
299 2713 375 2758 altera
398 2709 536 2764 acquiratur
553 2718 662 2762 tantum3
688 2711 730 2754 vul
763 2706 838 2754 alium
849 2706 1236 2767 trarrsmittuntur‚maraatsor

247 2778 374 2836 reciproca,
388 2771 420 2819 lta
431 2785 456 2819 ut
469 2770 508 2827 jus
518 2772 548 2819 ab
560 2782 663 2828 utraque
675 2783 730 2828 par·
763 2770 853 2818 tlaatur
868 2770 1074 2829 appellationem.
1107 2775 1180 2834 Quod
1202 2788 1247 2824 ve·

248 2850 273 2885 te
289 2838 469 2894 transferatur,
492 2835 522 2883 ab
537 2846 638 2894 utraque
657 2834 728 2882 vicis·
763 2847 790 2881 ro
810 2836 982 2893 noenum,
998 2834 1107 2884 Romani
1119 2836 1248 2900 Jarifcon.

248 2899 290 2950 firn
310 2901 459 2959 accipitrum
474 2910 521 2948 nec
541 2911 589 2947 una
604 2898 729 2947 transsatio
762 2896 817 2948 fulti
839 2909 978 2954 eorumque
1009 2895 1157 2959 interpretes
1184 2914 1248 2952 nun·
1280 2909 1282 2913 ’

246 2967 306 3013 citra
325 2969 424 3013 alteram
443 2965 518 3022 plene
534 2961 648 3010 &aalide
664 2961 730 3011 laria
762 2973 835 3019 quam
850 2960 905 3009 fere
927 2963 1052 3020 tribuam,
1071 2962 1114 3013 aiu
1135 2964 1166 3014 iis
1187 2963 1247 3014 aetl-

244 3029 408 3078 iutellitatur:
432 3038 504 3084 atque
523 3027 588 3080 binc,
617 3039 664 3084 pro
683 3040 727 3075 va·
762 3027 822 3086 bus,
840 3025 881 3083 qul
897 3038 943 3084 per
960 3025 986 3073 se
1002 3031 1140 3076 naturalem
1158 3027 1246 3076 durata·

247 3091 290 3140 rlis
303 3092 419 3144 aftoum.
435 3090 543 3146 eiusdem
562 3091 602 3136 vel
617 3091 726 3137 diverso·
761 3101 821 3148 aar,
839 3089 880 3136 nifi
900 3088 1002 3147 speciali
1018 3093 1072 3150 lege
1086 3089 1246 3148 adiuventur,

246 3166 302 3203 runt
327 3166 462 3212 generum,
488 3152 728 3214 combustionibus,
760 3153 898 3198 nnnetiam
920 3153 1041 3210 civilem,
1066 3152 1246 3210 obligationem

246 3220 332 3273 plures
347 3216 444 3263 ιᾶιιιιιιι
454 3216 652 3269 .reeiprocorutu
665 3228 727 3268 erto·
760 3213 858 3269 periurat
872 3247 880 3269 ‚
898 3225 981 3272 enque
993 3215 1095 3262 nomine
1114 3228 1128 3262 a
1142 3226 1244 3263 contra·

246 3278 342 3325 riuutur
357 3277 468 3336 speciest
487 3286 589 3332 quarum
611 3277 681 3332 alia,
702 3276 728 3323 lu
760 3273 840 3323 fribus
849 3275 1070 3335 dilllnpuunrur,ld
1083 3277 1244 3334 tanquamill·

245 3341 302 3398 jure
321 3342 343 3387 ut
365 3341 408 3388 usu
433 3339 569 3396 populari,
594 3349 661 3385 cetra
681 3352 726 3387 no·
760 3337 794 3383 ris
806 3348 875 3383 mee
886 3339 1047 3398 arbitrarii„
1061 3343 1245 3396 propnutouo·

247 3404 314 3452 mina
332 3400 476 3452 habeutubi
492 3401 576 3462 affixa,
602 3403 655 3450 alle
675 3415 727 3451 ιιοιι
759 3398 809 3447 stro
829 3400 863 3445 est
881 3400 994 3450 alienum.
1028 3403 1162 3451 Cnuucu.

244 3469 343 3516 habent.
793 3461 851 3526 (ι)
875 3462 1039 3520 Obstruitis„
1051 3463 1110 3526 fiaJ.
1145 3465 1244 3518 Pastum

279 3531 353 3592 Quorl
362 3542 424 3576 vero
437 3526 522 3577 attinet
536 3528 565 3573 arl
579 3539 670 3574 nomen
680 3529 726 3575 Pa·
760 3525 803 3588 (t)
823 3530 873 3574 late
893 3526 1012 3586 sumitur,
1037 3541 1114 3587 prout
1133 3529 1242 3589 promis·

244 3598 291 3654 αι’,
306 3599 354 3642 lanc
375 3591 447 3639 variis
469 3589 548 3649 ideis,
569 3591 647 3649 iisque
664 3590 728 3638 inter
760 3590 857 3649 tiones,
875 3587 1028 3649 contraitur,
1046 3595 1245 3644 conventiones·

246 3661 273 3708 se
289 3670 424 3713 nonaeque
441 3656 654 3712 latepttentibus,
673 3653 728 3703 fub-
760 3665 808 3708 que
833 3667 920 3702 omnes
943 3652 1135 3712 complectitur:
1157 3657 1202 3719 (e)
1217 3656 1245 3711 lu

245 3720 462 3770 llirnrumlealtur.
494 3715 613 3766 Definitio
629 3717 728 3774 quidem
761 3715 831 3762 sensu
851 3718 1015 3778 metli0‚qllo
1034 3718 1122 3770 afolia
1138 3720 1244 3778 prornis-

244 3784 312 3834 Paul
328 3787 356 3832 ab
374 3785 469 3840 Ulpiano
492 3783 594 3842 tradita,
616 3783 670 3843 Dig.
686 3783 726 3830 lla.
760 3780 866 3828 tionibus
887 3781 1054 3843 distinguitur,
1077 3783 1099 3830 u
1121 3783 1154 3830 eli
1181 3785 1244 3833 dato·

243 3850 277 3897 lt.
298 3851 345 3897 Tlr.
362 3848 425 3895 XIV.
443 3850 458 3894 l.
476 3858 496 3895 r.
519 3847 540 3907 ς.
557 3859 578 3892 a.
595 3847 662 3905 quntl
683 3847 724 3901 lit,
759 3856 813 3891 rum
831 3845 971 3900 pluriumve
991 3849 1017 3893 lta
1034 3845 1100 3894 idem
1122 3848 1242 3904 placlruta
1325 3901 1328 3908 ,

245 3916 347 3963 Derras·
358 3913 483 3972 pluriam
500 3912 525 3956 in
546 3911 602 3958 idm
618 3911 726 3969 placita·
759 3907 893 3956 consensus
908 3908 984 3964 liber.
1002 3908 1181 3961 constituendae
1197 3910 1241 3963 vel

244 3974 372 4034 tarsensium
388 3987 413 4022 ut
430 3975 453 4023 ὰ
473 3974 535 4020 ratio
553 3972 724 4021 nantinirf'on·
759 3972 880 4020 tollendae
921 3971 1078 4029 obligationis
1120 3974 1239 4033 perfetis

243 4043 371 4095 sarrianis,
385 4041 451 4095 quud
464 4036 582 4086 Homines
597 4053 625 4085 ra
638 4037 727 4097 dlurssr
759 4035 852 4083 cauus:
870 4035 912 4097 (3)
922 4034 1018 4095 uritis,
1034 4050 1060 4085 ut
1072 4036 1097 4084 in
1109 4036 1163 4094 jure
1178 4036 1241 4087 civi·

245 4105 423 4152 carminalibus
440 4106 465 4148 in
483 4115 549 4147 aaa·
570 4101 726 4159 consentiaris
758 4101 794 4158 ll,
813 4111 934 4156 quatenus
949 4113 962 4146 a
976 4099 1104 4150 contlastu
1118 4101 1241 4151 edendi·

243 4167 261 4216 l.
279 4181 302 4213 e.
320 4171 347 4213 ln
364 4183 431 4215 asan
440 4165 576 4226 J'raranrt'a·
588 4166 726 4222 decurram,
757 4162 896 4215 iilnrtuirura
912 4165 943 4211 de
956 4175 1005 4221 qua
1017 4175 1101 4215 tamen
1110 4165 1241 4225 acceptio·

243 4242 299 4294 artae
317 4231 348 4284 ab
361 4231 471 4297 eodem,
494 4225 606 4303 ejusdem
622 4227 684 4295 leru
700 4224 727 4296 i.
756 4224 944 4287 mitellarum
957 4226 994 4283 all
1006 4227 1159 4309 nataliu-
1168 4230 1238 4279 Roa-
