3000 5150
374 500 448 574 500
520 472 1068 549 suentana-nauta
1116 468 1192 548 IV.

374 653 565 738 actualibus,
593 670 650 721 aut
664 646 759 721 alteri
782 646 1021 743 aliquomodo
1046 644 1227 742 obligatis,
1259 634 1379 721 seiffi-

376 751 574 836 miscend03
599 750 649 819 nel
673 751 714 817 ab
742 746 872 828 altero',
944 767 970 840 n
987 745 1161 831 donante,
1190 723 1381 818 nicon-

376 853 551 937 trahente,
576 843 799 918 commodum
824 843 937 936 aliquo
1008 841 1027 872 '²
1052 842 1295 937 nmpnuosum
1318 846 1380 917 de·

376 947 536 1023 rivando.

427 1047 492 1120 lV.
521 1043 573 1115 Ad
589 1041 737 1136 priorem
760 1038 886 1134 Claffim
903 1042 1033 1134 pertinet
1054 1039 1227 1132 alligatio,
1255 1062 1319 1133 qua
1334 1044 1380 1128 is,

377 1145 436 1241 qui
460 1141 603 1215 absentis
628 1136 669 1220 [i
695 1141 894 1234 ignorantis,
920 1139 1084 1210 ueletiam
1106 1133 1303 1230 presentis,
1321 1137 1385 1236 sed

375 1247 414 1318 'alr
426 1243 540 1338 judicii
562 1236 713 1334 defeciunr
739 1235 932 1307 consentire
952 1258 1019 1307 non
1040 1233 1210 1320 valentis,
1241 1258 1299 1310 res
1321 1238 1382 1309 ad·

376 1337 608 1420 ministravit,
648 1354 783 1407 tenetur
814 1333 968 1407 Domino
997 1330 1172 1429 gestarum
1204 1337 1383 1409 rationem

362 1439 548 1520 reddere,
575 1430 617 1514 Β
640 1434 731 1528 quod
758 1454 801 1504 ex
828 1430 900 1523 ejus
927 1434 1025 1502 rebus
1052 1452 1157 1524 penes
1186 1429 1221 1501 se
1254 1432 1382 1520 habet,

377 1535 574 1616 restituere,
603 1554 656 1602 nec
688 1554 746 1602 nan
773 1530 935 1601 damnum
962 1527 1016 1600 stra
1045 1528 1150 1618 culpa
1178 1525 1382 1620 (secundun

378 1628 517 1726 aduersas
535 1627 784 1724 circumstantias
806 1629 893 1698 uarie
919 1626 1120 1723 aestimanda)
1151 1626 1283 1700 datum
1304 1653 1384 1722 pen.

378 1731 469 1820 sare3
494 1751 550 1823 qua
561 1731 715 1824 pertinent
732 1729 765 1797 in
783 1726 866 1813 Jure
883 1727 971 1796 ciuili
985 1724 1298 1800 Antanesvdnettae
1311 1728 1383 1801 Ne·

379 1824 555 1926 'gotiorum
573 1823 743 1921 gestorum
761 1818 803 1916 ἐξ
820 1824 964 1894 't'uretae.

432 1926 480 1999 V.
507 1925 560 1994 Aa
582 1923 705 1994 eundern
733 1944 843 2014 quaque
867 1918 990 2013 claffern
1011 1917 1177 2013 referenda
1194 1921 1248 2016 esi
1266 1925 1383 2019 obliga-

380 2029 444 2112 tia,
470 2047 529 2118 qua
557 2019 688 2106 Heres,
717 2016 793 2111 post
816 2017 938 2089 aditam
972 2022 1112 2107 explicite
1150 2021 1205 2090 nel
1233 2023 1384 2117 implicite

381 2120 653 2206 Haereditatem,
669 2136 802 2190 tenatur
821 2112 987 2187 Defuntti
1005 2115 1248 2191 creditoribus
1266 2119 1306 2191 ἃ
1325 2123 1386 2193 be·

384 2220 547 2320 gatariis,
574 2239 725 2311 quousque
747 2217 834 2287 Bana
847 2216 1046 2288 larcditarlc
1058 2210 1097 2308 se
1114 2220 1315 2305 extendunt,
1339 2218 1385 2290 sa·

384 2319 554 2394 tislacere.
605 2316 710 2409 Neque
733 2315 867 2406 obstat,
902 2317 980 2407 quad
995 2311 1099 2408 salam
1125 2312 1281 2388 Heredis
1312 2339 1385 2412 erga

381 2414 583 2514 Legatarios
598 2414 812 2508 obligationem
832 2410 1057 2506 Juriscanjulti
1076 2411 1192 2480 (iuiler
1214 2415 1265 2484 ad
1283 2410 1385 2516 Quair

382 2511 609 2592 contractum
634 2509 797 2606 reserant,
825 2511 985 2583 Heredem
1000 2505 1049 2603 sc.
1069 2505 1209 2602 respectu
1229 2512 1385 2585 Credito-

383 2638 460 2691 rum
484 2609 706 2705 confideruntes
725 2625 871 2704 tanquam
891 2611 1016 2681 eandem
1039 2603 1202 2702 personam
1231 2633 1305 2683 curn
1324 2614 1385 2685 De·

375 2711 511 2808 fund03
537 2713 590 2780 hac
613 2714 739 2802 inquam
765 2705 1080 2802 auennensem,
1107 2709 1283 2799 quamdiu,
1314 2709 1385 2807 quad

383 2810 501 2887 Hares,
515 2803 671 2896 ⁴Defunlli
685 2804 845 2899 personam
861 2805 1038 2901 sustineat,
1066 2807 1194 2901 ejusque
1220 2809 1383 2905 obligatio·

383 2900 474 2979 nidus
490 2926 529 2974 en
546 2904 639 2972 Bonis
657 2904 812 2995 explendis
832 2918 992 2988 teneatur,
1019 2905 1073 2976 hat
1088 2903 1153 2999 est,
1180 2909 1265 2998 quad
1285 2910 1383 2979 Credi·

384 3005 501 3078 toribus
527 3000 621 3071 ullum
643 2998 710 3092 Juc
736 3015 887 3095 competat
911 2997 1060 3095 aduersus
1086 3000 1303 3095 Haeredem,
1329 3028 1382 3079 nan

384 3101 509 3175 adundc
523 3123 613 3194 quarn
634 3120 674 3169 ec
693 3098 909 3171 Haereditatis
926 3098 1076 3171 aditione
1090 3097 1239 3195 profluit.

326 3203 329 3211 '
433 3197 498 3271 VI.
534 3198 588 3269 Aa
612 3195 836 3291 posteriorem
865 3196 994 3293 Claſjirn
1023 3197 1195 3287 referimus
1221 3205 1383 3297 obliquiu·

381 3324 470 3387 nem,
496 3320 555 3391 qua
582 3299 628 3386 ic,
655 3298 752 3392 cujus
778 3297 939 3384 absentis,
966 3298 1018 3369 uel
1038 3298 1074 3367 al
1090 3297 1209 3392 judicii
1230 3301 1382 3397 defaltum

326 3432 329 3441 ·
382 3398 587 3471 contrahere
610 3418 680 3469 non
707 3396 874 3483 valentis,
903 3399 1025 3480 rebus,
1051 3396 1103 3469 vel
1110 3395 1246 3491 juribus
1264 3405 1384 3496 quibus·

382 3520 517 3591 cunque,
543 3495 577 3566 in
606 3495 664 3565 suo
688 3492 773 3565 statu
789 3493 1047 3580 conservandis,
1075 3487 1160 3583 alter
1179 3499 1386 3572 necellarios

383 3596 537 3687 sumptus
569 3593 584 3682 (
595 3594 702 3686 quibus
720 3594 908 3665 naturaliter
928 3588 1115 3687 accensenda
1130 3589 1213 3687 suant
1243 3600 1385 3685 damna,

386 3719 452 3805 qua
475 3696 508 3763 in
532 3694 620 3762 rebus
633 3688 705 3785 suis
733 3692 792 3786 isla
812 3693 846 3763 dc
867 3717 925 3765 cau
940 3716 961 3764 a
977 3689 1174 3788 pqffias'est)
1199 3700 1385 3794 erogavit,

385 3791 481 3863 ullum
499 3793 641 3863 alterurn
662 3788 790 3860 abillis
810 3789 995 3887 sumptibus
1019 3789 1218 3862 indemnem
1248 3815 1388 3869 tenetur

315 3954 319 3964 .
383 3888 571 3981 praestare,
592 3886 626 3979 fi
644 3890 728 3959 mado
748 3886 808 3983 ipsc
833 3914 880 3962 res
902 3886 979 3984 istas
995 3882 1162 3991 poffidcat,
1193 3895 1248 3963 vel
1255 3898 1388 3990 juribus

386 3987 455 4083 istic
473 4005 599 4073 utatur,
625 4001 750 4081 quarum
766 3987 1038 4085 conservandarum
1061 3985 1156 4078 causa
1171 3992 1389 4089 erugatifuc·

384 4099 477 4171 tarat3
504 4090 573 4179 quin
593 4081 789 4184 &sumptus
802 4093 842 4161 alr
859 4082 957 4165 altera
973 4092 1006 4164 in
1023 4108 1071 4165 ret
1079 4084 1159 4185 suas
1178 4091 1314 4166 utiliter
1329 4098 1389 4164 irn-

917 4221 928 4264 c
1309 4210 1388 4288 pett-
