3000 5150
391 493 513 567 Lru.
547 490 577 568 1.
649 490 779 567 Car.
815 494 890 570 IV.
1056 511 1132 585 151

140 686 289 739 eoucrm
322 686 459 741 norrun
490 685 755 740 internarium
779 666 867 762 (y),
892 669 947 741 vel
974 690 1125 765 quacun·

141 787 210 857 que
245 763 407 839 facultate
439 764 562 838 animm
585 763 731 849 nostrae3
766 766 845 858 quia
869 767 1027 860 quicquid
1051 770 1120 842 aui·

138 883 201 930 mo
224 860 378 941 distincte
400 860 439 938 dt
464 866 563 956 plene
582 862 766 956 concipere
788 861 966 949 valemus,
989 863 1023 934 id
1043 864 1117 939 lini·

136 976 213 1030 tum
235 958 295 1038 est.
345 959 472 1055 Neque
488 982 571 1032 vero
585 960 684 1047 ideo,
708 961 788 1053 quia
814 959 929 1031 Deum
945 959 1115 1033 infinitum

135 1057 302 1146 dicimus,
326 1057 399 1150 ejus
421 1075 629 1148 conceptum
646 1062 784 1150 plenum
801 1057 919 1129 animo
943 1078 1116 1133 tenemus:

134 1174 216 1227 cum
250 1153 426 1229 infinitum
452 1159 586 1249 proprie
615 1177 683 1243 non
716 1174 813 1226 notet
834 1155 959 1248 aliquid
986 1156 1020 1227 in
1050 1158 1120 1250 ipsa

135 1274 174 1323 re
199 1249 297 1345 (z),
324 1253 377 1328 sed
399 1252 635 1350 impotentiam
659 1250 695 1322 in
721 1252 836 1323 auimo
865 1252 1005 1339 nostro,
1031 1251 1118 1325 aeli

136 1349 351 1442 diceremus,
376 1371 444 1422 non
467 1372 591 1444 capere
613 1371 675 1420 nos
691 1349 959 1442 magnitudinem
975 1351 1047 1443 ejus
1065 1374 1118 1421 es·

133 1446 263 1521 sentiae.
317 1447 400 1520 lude
424 1469 489 1520 nec
516 1445 610 1519 reiie
629 1446 773 1532 dicitur,
799 1449 890 1540 quod
912 1469 1040 1519 eiuras
1057 1447 1117 1520 ha·

132 1543 242 1630 beat,
277 1563 333 1616 aut
355 1544 394 1616 srt
416 1564 542 1617 rorum
566 1543 718 1640 aliquid;
750 1544 828 1637 quia
859 1544 933 1616 liaec
956 1546 1115 1617 attributa
1224 1628 1228 1636 ,

132 1638 311 1714 finitorum
336 1642 420 1715 sunt.
471 1642 599 1734 Neque
618 1642 709 1736 quod
727 1662 767 1714 ru
788 1662 877 1714 uoco
904 1644 1016 1736 aliquo
1030 1665 1114 1715 con·

132 1738 308 1829 tinemut,
343 1741 424 1835 quia
447 1740 516 1813 hoc
540 1741 649 1811 innuit
672 1737 756 1811 fines
788 1739 826 1812 dt
857 1742 1019 1813 terminos
1045 1765 1115 1812 nra·

132 1836 317 1929 guitudinis
337 1837 403 1932 (a).
453 1836 579 1933 Neque
596 1838 686 1931 quod
702 1838 911 1924 Morarruu
931 1856 989 1910 aut
1013 1859 1113 1922 ouiu-

132 1953 236 2016 acam
265 1955 446 2031 utrumque
467 1935 562 2007 enim
586 1934 763 2028 supponit,
787 1932 855 2007 elle
880 1936 913 2008 in
938 1937 1017 2006 loco
1043 1933 1111 2031 (li).

133 2029 192 2101 Sic
216 2053 278 2103 nec
297 2033 376 2105 Deo
399 2034 538 2126 proprie
563 2032 706 2105 adtribui
729 2030 884 2126 poliunt,
913 2033 987 2127 quae
1003 2053 1112 2104 noto·

131 2148 206 2199 urm
233 2129 378 2224 aliquem
399 2151 457 2201 aut
477 2150 672 2203 rassrouun
695 2149 835 2216 notant,
862 2133 1039 2224 (morum
1064 2130 1114 2201 di·

130 2247 195 2296 co:
224 2246 303 2297 nam
334 2228 392 2299 ubi
414 2228 492 2298 talia
518 2227 594 2299 Deo
618 2227 776 2300 attributa
801 2228 974 2319 leguntur,
1015 2225 1049 2299 id
1074 2225 1115 2299 fit
1140 2231 1144 2237 ’

131 2323 378 2417 οἱνθρωποπαθῶς,
403 2346 467 2416 pro
489 2322 633 2410 effestu,
662 2346 730 2394 nou
755 2321 907 2412 affeilu)
928 2343 963 2393 ut
978 2320 1027 2393 est
1043 2325 1114 2409 ira,

130 2422 350 2517 poenltentia,
368 2420 604 2493 misericordia.
628 2420 735 2506 Item,
762 2442 837 2513 quae
854 2440 1059 2492 eorsrarun
1076 2419 1116 2496 ἅ

130 2539 334 2592 unsrurmn
360 2519 499 2612 alicujus
524 2518 602 2590 boni
626 2536 768 2590 notant:
797 2537 832 2589 ut
853 2516 903 2590 est
925 2516 1113 2611 adpetitus,

131 2618 229 2711 spes,
256 2617 548 2709 concupiscentia,
576 2638 691 2698 arnor,
720 2614 862 2708 cupido.
913 2614 1008 2686 Nam
1038 2617 1113 2691 haee

130 2716 319 2788 involvunt
343 2714 592 2809 indigentiam,
629 2713 783 2808 adeoque
813 2709 852 2786 dt
881 2712 1115 2806 imperfediio·

133 2835 232 2885 nem:
269 2834 347 2885 cum
372 2810 515 2908 intelligi
540 2833 609 2884 nou
635 2809 764 2904 pollit,
799 2831 835 2881 ut
857 2811 932 2905 quir
953 2811 1113 2903 adpetat,

91 2972 96 2979 .
131 2910 259 3001 speret,
298 2911 490 3006 cupiatve,
529 2907 590 2981 uili
622 2911 740 3003 quibus
766 2907 924 3003 indiget,
961 2929 1113 2983 caterve.

131 3008 190 3079 Sic
214 3007 252 3080 dr
277 3009 411 3103 quando
428 3008 505 3079 Deo
519 3005 674 3080 tribuitur
690 3026 950 3094 ruminamus,
976 3027 1112 3080 rouun-

130 3125 214 3196 rar,
239 3127 420 3196 scruurrr,
446 3104 484 3180 dt
503 3126 613 3182 uerus
632 3125 791 3180 sauruun
811 3104 896 3200 (r),
924 3103 1117 3273 Vffl0d’f3u'

1033 3217 1118 3292 ltro,

162 3452 215 3515 (y)
230 3449 418 3517 Iuliacum}
449 3455 477 3505 m
492 3457 608 3516 imagini·
638 3456 717 3509 solum
743 3458 865 3514 defigunt,
883 3450 950 3512 quod
966 3458 1021 3496 eim
1033 3456 1117 3506 neque

128 3516 225 3567 riouern
244 3517 310 3565 Deus
330 3517 420 3564 cadere
440 3529 490 3566 uon
515 3523 606 3580 deber,
639 3524 720 3571 animo
755 3520 867 3580 possimus
892 3511 1120 3574 comprehendere,

128 3593 178 3630 noc
194 3579 291 3639 potest:
305 3580 340 3626 eil
355 3581 421 3626 enlm
435 3581 536 3640 Spiritui
554 3582 608 3630 luss·
639 3598 720 3643 neque
734 3588 784 3631 nlla
796 3582 842 3630 alia
856 3576 1119 3628 remurmuremu-

129 3644 207 3692 nirur:
222 3642 395 3701 imaginatione
409 3656 490 3693 turem
506 3656 608 3692 rereor·
671 3648 729 3708 (a)
742 3641 938 3708 Magnitudtnlr}
970 3640 1119 3698 Terminus,

130 3718 221 3766 porerr
234 3706 346 3754 absentes
362 3705 434 3755 uobis
448 3709 607 3768 representa·
638 3710 679 3758 dle
693 3708 943 3770 potlur,prifiar'nrir.
957 3700 1118 3762 viduas*-

130 3782 185 3818 mur
206 3769 229 3815 δι
247 3771 388 3827 reperimur.
422 3770 538 3821 Tazora.
641 3785 663 3822 r.
676 3778 701 3820 in
716 3777 738 3822 l.
755 3769 777 3832 i.
809 3772 885 3820 lnam.
987 3829 990 3834 ¹

164 3831 316 3892 (2)Inlpsa
332 3830 387 3894 n].
425 3836 607 3894 intelilssirAu·
671 3834 825 3897 (b)Lm].
857 3836 910 3882 lino
933 3842 1002 3883 certe
1024 3839 1119 3880 urrum-

130 3891 205 3951 ἀοι,
218 3895 322 3943 nostrum
336 3898 418 3945 lderm
432 3900 537 3961 Institit,
556 3910 608 3948 nou
638 3910 687 3955 que
702 3899 835 3958 suppetam,
850 3902 875 3947 ln
893 3902 936 3946 luo
951 3896 1073 3943 ciuem:
1090 3905 1117 3941 a·

129 3957 235 4015 pontive
259 3970 288 4004 ac
307 3959 444 4016 specialiter
466 3963 605 4021 exhibere,
638 3962 682 4010 lius
698 3963 778 4021 euim,
804 3961 842 4022 affl
861 3964 887 4009 i'n
905 3964 949 4008 tm
970 3958 1029 4007 sano
1047 3955 1119 4008 sensu

130 4020 190 4077 quie
208 4030 247 4066 rer
271 4019 323 4078 ipsa
344 4024 384 4070 tir:
408 4025 516 4087 qnippe,
537 4036 605 4072 notar
637 4027 693 4073 uro
708 4025 788 4084 potest
805 4025 886 4078 tribul.
917 4025 994 4072 luzan

130 4081 280 4139 etquidem
309 4082 334 4130 iu
361 4086 466 4142 obierit>
487 4089 607 4137 summanr
672 4087 873 4149 (e)srusau·].
904 4088 1011 4136 omniuo
1029 4078 1122 4134 nuth

129 4142 331 4215 perfruiumur
349 4145 393 4201 sed
409 4153 611 4223 quamprimo
641 4149 757 4270 rcriruoqz
771 4151 952 4280 ⁴aurnlrreudnru
973 4147 1129 4280 cedford&
