3000 5150
456 424 1052 509 oosuuvuusouuu.
1208 453 1239 531 q

247 610 310 679 imo
327 628 381 694 ea,
406 627 471 700 que
493 620 560 678 rum
582 626 650 677 mco
669 618 785 693 rranr,
808 606 909 677 uariis
929 604 962 677 in
974 608 1119 699 parribus
1129 607 1238 706 pastea

247 706 392 793 cnutoni,
414 730 451 776 ac
470 708 553 777 curis
565 699 713 796 secundis
737 705 780 772 ad
798 704 945 797 liquidum
963 709 1066 800 magis
1088 706 1237 781 deducere

236 800 387 899 sustinui.
446 803 510 873 His
532 802 630 895 irase
657 802 865 885 habentibus,
898 826 972 876 serre
993 802 1237 901 cuislirnarionis

246 898 384 994 interese
400 900 586 997 enislirnaoi
594 954 603 986 ,
614 921 650 969 nr
667 902 738 970 olirn
754 921 775 967 a
792 922 839 970 sne
847 897 985 992 scripta,
995 903 1236 979 aliensarbirris

243 999 466 1094 corrumpenda
477 1049 485 1083 ,
496 999 709 1092 interpolanda
720 1010 775 1069 aas
791 995 982 1089 exscribendo
998 1002 1128 1094 amplias
1142 1002 1235 1074 sclin-

243 1119 387 1192 queram,
414 1097 484 1166 lsine
508 1100 610 1169 saleru
629 1099 743 1182 desuro,
771 1096 936 1187 diligenter
954 1093 1106 1189 expresso,
1130 1105 1234 1173 varic·

244 1218 303 1290 que
321 1209 444 1264 rnurara
459 1186 502 1275 ἃ
512 1199 618 1274 nulia,
644 1218 697 1267 nec
715 1216 773 1263 non
790 1193 893 1264 textui
913 1188 1154 1286 Pasandorfiano
1166 1216 1236 1289 pru·
1300 1190 1303 1197 ’

240 1294 316 1387 pius
331 1308 458 1383 apsaro,
474 1289 538 1387 fids
553 1292 844 1364 Observationum
864 1292 1007 1380 nominc,
1031 1291 1164 1385 censure
1179 1314 1239 1388 pu.-

244 1391 332 1462 lrlica
354 1411 498 1485 exponere
522 1393 651 1465 decrevi.
707 1393 823 1483 Scopas
847 1404 949 1461 arrrrnc
966 1385 1150 1482 scriptionis
1167 1391 1242 1486 esl,

243 1503 278 1559 ut
300 1486 455 1559 literarum
479 1491 591 1561 larum
613 1491 760 1575 cultores,
786 1484 1011 1581 informandis
1032 1491 1240 1584 conceptioni·

243 1591 300 1658 bus
317 1611 354 1658 ae
377 1589 569 1680 acquirendis
584 1591 728 1681 genuinis
746 1608 849 1657 rerum
871 1588 1036 1657 srroraliurn
1053 1589 1237 1683 principiis,

244 1686 448 1778 adjuvarem,
472 1686 543 1757 lsinc
559 1708 618 1756 nou
634 1702 757 1756 tansum
780 1688 822 1753 alr
842 1685 976 1755 Audisse
990 1688 1168 1778 generalius
1190 1689 1239 1759 dr.

244 1785 296 1854 lla
314 1787 414 1877 magis
437 1783 665 1871 determinavi,
681 1780 744 1878 scd
761 1781 803 1864 ὃ)
816 1785 856 1853 alr
873 1778 1105 1876 ejussenrensia
1116 1779 1240 1879 sapius

246 1876 381 2070 disoeffl
407 1898 552 1974 pretereo
567 1881 882 1978 verosupplcmensa,
908 1903 968 1973 qna
987 1898 1080 1973 parre
1102 1885 1238 1955 maxime

247 2001 317 2066 nece
343 1981 414 2049 aria
438 1980 649 2066 uidebantur,
677 1980 824 2063 exhibui,
849 2002 897 2049 sne
920 1991 1025 2069 lernen
1050 1980 1105 2051 lroc
1134 1982 1238 2053 lalrorc

248 2076 383 2146 lilrrllum
412 2074 690 2171 Pufendorfianusn
722 2082 755 2147 in
786 2077 909 2169 aliquod
939 2072 1036 2166 Jnrr‘s
1067 2079 1240 2149 Naturalis
1346 2148 1351 2161 ,

248 2174 476 2265 compendium,
510 2176 597 2266 quale
616 2174 673 2267 effe
705 2175 831 2259 debeat,
856 2190 913 2243 aur
935 2174 1024 2263 quale
1047 2171 1106 2266 ipse
1122 2172 1242 2267 salsrrn

249 2271 431 2356 inslrullurn
452 2272 569 2360 velim,
594 2270 761 2363 redegisse,
787 2269 862 2338 huus
878 2267 995 2359 affero,
1012 2292 1105 2354 narn,
1128 2284 1162 2339 ur
1177 2273 1244 2341 alia

250 2384 388 2454 taceam,
412 2370 466 2440 nel
480 2369 544 2444 lola
560 2364 720 2461 presentis
730 2363 914 2460 scrrpnonrs
934 2365 1046 2436 sndoles
1063 2368 1096 2434 id
1116 2388 1174 2437 non
1187 2368 1242 2438 cd·

248 2466 351 2534 rnirrir
389 2464 431 2535 Ur
443 2466 639 2536 nonnullarx
655 2466 712 2550 iis,
733 2488 801 2556 qua
817 2463 866 2534 bic
875 2460 1013 2557 praesliri
1036 2487 1052 2535 c
1071 2488 1120 2535 sne
1133 2465 1242 2561 suisli·

247 2585 316 2648 sna,
330 2558 498 2656 specialius
512 2578 664 2657 tangam,
692 2562 864 2633 calisinam
886 2560 923 2630 dc
945 2561 1038 2656 Lege
1055 2558 1238 2653 Naturali,

245 2683 311 2754 qua
333 2661 376 2730 ad
393 2655 589 2754 dffrilioses·
604 2661 695 2755 hujus
714 2659 812 2748 studii
836 2660 987 2730 materias
1006 2682 1065 2733 non
1082 2662 1239 2735 immerito

245 2755 405 2852 resersus,
427 2753 582 2852 perspicue
600 2753 759 2854 proposui,
786 2758 988 2852 ecquomodo
1015 2759 1070 2830 illa
1090 2784 1131 2831 css
1152 2764 1238 2832 nasi·

246 2880 285 2929 vo
308 2850 350 2935 &⁹
364 2857 484 2951 proprio
496 2853 706 2950 fundamento
719 2853 799 2951 suro,
826 2856 962 2950 legitime
986 2857 1093 2930 deduci
1111 2859 1239 2948 delrcar,

246 2952 362 3049 ostendi
369 3006 381 3041 ,
400 2977 491 3048 quarn
505 2957 675 3026 delirinem
692 2974 805 3026 meam
822 2953 922 3026 dicere
935 2950 1072 3048 poffiun,
1088 2979 1147 3027 non
1163 2957 1242 3050 quud

241 3056 364 3148 primus
378 3050 665 3145 irlsundarnenrum
683 3055 814 3125 viderim
837 3050 929 3146 (quis
950 3056 1031 3124 enirn
1048 3055 1143 3148 paulo
1154 3059 1241 3150 peri·

245 3155 321 3237 lior,
348 3152 380 3242 in
404 3149 586 3222 declarando
612 3150 697 3243 Jure
721 3151 900 3239 Nauali,
924 3150 967 3219 ad
985 3149 1155 3224 Naturam
1178 3176 1239 3227 non

243 3247 473 3345 prooocaoisl)
489 3245 552 3342 scd
571 3250 651 3344 quod
668 3250 703 3319 id
718 3248 890 3343 peculiari,
915 3238 978 3335 is,
1004 3264 1039 3320 ur
1056 3247 1169 3343 spero,
1196 3254 1242 3325 rei

244 3343 389 3443 pressuri
411 3350 548 3418 maxime
573 3349 772 3420 conveniente
798 3349 916 3419 ratione
950 3348 1144 3417 crediderim.
1198 3346 1243 3419 Us

245 3438 506 3542 plurimum'sane
522 3442 692 3539 scriptores
715 3446 765 3518 lsic
789 3441 958 3538 deficiunt,
981 3443 1054 3512 dum
1068 3443 1119 3514 vel
1133 3443 1244 3521 inania

247 3545 346 3618 verba
370 3541 559 3627 acerram,
583 3545 632 3612 vel
658 3545 691 3614 in
718 3545 870 3614 circulum
894 3555 1053 3635 aguntur,
1091 3542 1145 3612 vel
1160 3562 1243 3638 prae·

246 3638 387 3741 peslerus
409 3636 554 3709 adhibens
586 3638 882 3738 dcrnonslrasiones,
916 3654 973 3711 aut
990 3636 1244 3734 fundamentum

250 3739 426 3832 legitimum
461 3734 622 3830 adequare
642 3734 730 3828 scaris
762 3759 820 3809 non
852 3736 1018 3827 exhibens,
1054 3762 1109 3811 nee
1142 3741 1245 3816 decre.

252 3856 287 3912 su
311 3832 470 3911 naturalia
494 3835 603 3907 idonea
632 3837 808 3912 dedudiionr
836 3836 908 3919 inde
931 3839 1085 3928 eliciunt,
1118 3840 1171 3923 orl
1193 3840 1243 3914 dc·

251 3939 341 4032 nique
364 3957 385 4005 a
407 3929 501 4026 scope
517 3933 612 4029 plane
637 3940 809 4027 aberrans,
833 3951 870 4010 sss
890 3990 900 4023 ,
915 3933 951 4034 st
972 3936 1153 4012 contendas:
1178 3944 1248 4013 vo'·

251 4036 418 4115 luututem
456 4031 524 4119 Du
563 4032 629 4110 effe
669 4033 761 4137 suris
801 4033 981 4117 Naturalis
1019 4034 1244 4133 principium.
