3000 5150
374 455 454 544 ·m6
525 441 1072 520 Soreueuenrum
1121 392 1263 519 Hi!

375 645 452 695 nero
475 617 517 702 Β
532 622 593 692 odii
607 619 773 700 mititudo,
808 619 840 688 in
861 619 909 689 dis
923 613 999 711 fere
1021 619 1134 692 duobus
1153 620 1298 722 coustsdit.
1325 591 1357 705 d.

377 723 423 792 Ut
441 723 472 788 iu
489 722 603 809 obseeia
620 719 727 786 idonea
742 713 906 809 ferantur.
936 716 987 788 II.
1017 719 1063 787 Ut
1085 730 1188 791 corum
1206 723 1357 817 intensio,

369 814 506 911 ipsorum
538 817 720 908 obsediorum
752 815 852 884 oalori
888 806 930 893 ἐπ’
952 832 1099 887 momento
1126 825 1357 896 accommodata

361 913 477 1009 suerit.
538 913 612 982 Cum
644 934 714 981 uero
740 910 837 980 Amor
858 905 906 990 θ
942 912 1056 982 Odium
1073 911 1206 1007 speciali
1227 921 1357 1011 quodam

370 1011 453 1082 ruodo
467 1063 479 1097 ,
495 1008 534 1103 se
548 1005 685 1102 inserere
692 1004 817 1101 soleam
832 1032 909 1099 erga
926 1005 1075 1101 Personas
1083 1035 1097 1097 ,·
1112 1009 1272 1105 sciendum
1287 1018 1355 1114 est,

367 1109 516 1181 Amorem
542 1104 745 1196 Personarum
771 1106 854 1175 haud
869 1108 966 1196 inepte
984 1108 1086 1200 amigo
1110 1107 1285 1204 distingui,
1319 1117 1355 1188 iu

365 1207 514 1278 Amorem
541 1203 812 1288 Benevolentiae,
838 1226 893 1295 ouo
915 1204 988 1272 ediis
1006 1206 1079 1275 bene
1094 1203 1163 1299 effe
1189 1209 1350 1305 volumus,

366 1300 572 1384 &Amorem
595 1299 881 1391 complacentiae,
915 1322 969 1392 quo
993 1302 1134 1372 volumus
1154 1306 1353 1401 qualicunque

367 1402 500 1471 aliorum
519 1395 665 1481 consortio
678 1393 765 1489 frui.
815 1396 857 1466 Iu
876 1401 978 1489 prime
1001 1399 1119 1489 quidem
1144 1400 1273 1472 Arnoris
1293 1429 1352 1498 ge-

363 1521 456 1582 nere,
484 1519 542 1565 uou
559 1496 631 1565 odeo
638 1492 741 1586 facile
763 1509 859 1566 extra
877 1495 956 1564 oleos
969 1510 1149 1588 'unguinum
1174 1500 1258 1593 modo
1277 1503 1354 1572 alie·

364 1618 429 1676 na,
459 1616 542 1684 reque
570 1616 607 1662 ac
624 1590 758 1687 eciesira,
781 1591 963 1676 commoda,
999 1593 1123 1664 Divina
1145 1590 1353 1670 Prouidentiee

361 1687 579 1785 ¹dispensationi
604 1692 740 1760 tuoeores
756 1687 993 1783 subjiciamus3
1026 1684 1069 1770 Β
1100 1691 1181 1763 modo
1194 1690 1289 1784 sala
1313 1688 1353 1768 ac'

365 1792 579 1881 imaginaria,
613 1790 716 1880 inagis
734 1810 825 1879 quam
848 1809 924 1857 uera
947 1789 1056 1875 Bona,
1089 1790 1162 1858 aliis
1189 1812 1245 1860 uon
1270 1808 1354 1884 opte-

361 1906 444 1956 mus.
504 1884 545 1953 dn
574 1883 687 1954 Amore
712 1906 784 1954 vero
816 1884 1066 1976 Compiaceutiee,
1090 1883 1221 1979 seoiicite
1240 1888 1353 1963 caveu-

361 1983 435 2054 dum
452 1977 515 2074 est3
540 1995 574 2051 ut
596 1981 628 2050 in
649 1981 935 2076 odseitumdiguum
945 1979 1105 2077 feratur3¹
1122 1999 1158 2054 ut
1183 1985 1226 2054 ad
1248 1982 1353 2079 turpia

359 2076 574 2176 patrandase
599 2093 797 2163 monerentur,
823 2093 884 2148 aut
902 2100 942 2151 en·
968 2081 1110 2171 turpibus
1124 2081 1353 2177 pabulumstdi

361 2188 499 2270 quarat3
529 2198 567 2246 ne
587 2176 659 2245 odiis
675 2172 788 2270 officiis
814 2199 966 2248 remoram
978 2178 1121 2270 injiciat,
1146 2171 1202 2261 dut
1217 2180 1251 2251 iu
1270 2205 1352 2255 mor·

361 2276 436 2347 bum
457 2273 598 2368 degneret
610 2297 624 2360 ,¹
664 2297 701 2346 ne
723 2276 875 2371 denique,
898 2271 932 2366 fi
955 2276 998 2346 od
1016 2274 1128 2370 adsciti
1140 2271 1361 2372 fruitionem,

361 2377 447 2468 cujus
475 2370 661 2464 consecutio,
692 2372 743 2442 oei
766 2367 973 2466 conservatio,
997 2389 1088 2465 penes
1110 2369 1248 2470 ntrsdruru
1266 2381 1351 2450 arhi-

360 2475 458 2549 trium
479 2492 535 2540 non
553 2467 617 2562 esi,
652 2466 809 2564 adspiret,
825 2465 872 2559 stt
897 2470 969 2542 adeo
987 2468 1144 2566 intensus,
1177 2488 1212 2545 ut
1237 2478 1349 2569 objecit
1383 2539 1385 2543 .

360 2571 411 2642 ilio
437 2570 623 2661 intercepto,
666 2568 718 2638 ved
745 2563 881 2661 omeffo,
920 2566 1054 2643 Auienus
1079 2569 1173 2665 piene
1199 2576 1350 2651 concidat.

360 2668 477 2741 Odium
499 2663 648 2756 stmiiiter
673 2661 881 2761 Personarum
922 2667 976 2737 vei
1008 2664 1055 2761 est
1088 2665 1349 2744 Malenoientiae

357 2766 412 2837 oei
435 2761 678 2853 Displicentioe.
731 2763 854 2835 Peioris
879 2766 1010 2859 generis¹
1024 2760 1347 2866 Odiumsernperest

358 2863 499 2943 maium,·
522 2863 624 2951 eique,
651 2875 803 2953 tauquam
823 2858 1072 2959 peruiciofifflrno
1093 2857 1194 2934 animi
1213 2866 1345 2955 morbo,

353 2981 412 3058 pro
430 2958 518 3028 viridi
528 2955 577 3053 esi
591 2958 800 3031 'obnitendum
850 2960 916 3033 ⁴Sed
932 2954 974 3040 &⁹
990 2958 1103 3035 Odium
1112 2957 1344 3054 Displicentiae,

358 3083 414 3157 quo
438 3058 568 3150 aiicujus
582 3053 719 3151 persona
735 3055 933 3150 consortium,
960 3059 1014 3130 oei
1024 3056 1117 3130 etiam
1139 3060 1345 3151 mentionem,

357 3152 558 3250 aversemur,
587 3152 801 3251 esidffectus
819 3152 1038 3250 habentisatis
1064 3154 1229 3255 modestus,
1254 3160 1346 3230 adeo-

356 3281 411 3351 que
431 3278 490 3325 non
513 3268 637 3326 tantum
659 3256 707 3324 ita
731 3254 968 3348 recuperandas,
1004 3277 1043 3326 ne
1065 3254 1099 3325 in
1119 3252 1281 3349 personam
1308 3281 1346 3328 a·

356 3351 528 3447 versamur
544 3377 603 3426 nou
622 3353 748 3446 dignam
758 3350 911 3445 feratur,
938 3374 1015 3424 nem
1033 3351 1077 3424 ad
1095 3352 1215 3446 aliquid
1239 3372 1346 3428 eontra

356 3449 492 3546 officium
524 3456 666 3545 cuiquam
694 3447 889 3541 inferendum
909 3450 1092 3545 proprisam
1116 3445 1177 3543 sed
1199 3448 1348 3547 insuper,

355 3547 541 3643 exserendus
559 3551 658 3639 potius
674 3567 728 3636 per
736 3544 910 3641 strupdicem
927 3550 1116 3640 neglectum,
1134 3545 1208 3641 five
1222 3546 1348 3641 sugam

354 3649 518 3720 mentionis
542 3642 585 3726 Β
606 3642 747 3739 consortii
769 3643 926 3739 persona,
944 3642 978 3738 fi
991 3668 1052 3740 qua
1067 3642 1135 3737 fit,
1167 3668 1256 3737 ouum
1280 3669 1346 3718 rne-

355 3750 416 3818 rito
440 3744 645 3837 caedamur,
672 3765 762 3834 quoru
775 3761 833 3835 per
866 3742 964 3837 ipsum
981 3746 1083 3813 citum
1102 3737 1264 3836 pristinum
1278 3741 1348 3837 sm.

357 3848 427 3936 pius
449 3847 619 3913 iteratum:
644 3844 859 3932 nequeenim,
878 3837 989 3934 fiquis
1004 3864 1095 3935 quam
1123 3840 1257 3911 ruaaime
1280 3845 1347 3916 odio

357 3943 474 4030 diguus
487 3935 554 4031 fit,
589 3939 654 4012 idco
683 3938 769 4011 nodis
789 3934 860 4034 ipss
884 3941 1098 4034 egritudinem
1121 3936 1261 4013 dianus
1292 3961 1349 4014 ar·

357 4036 478 4132 reffem.

1304 4133 1350 4214 Xe
