3000 5150
158 603 162 607 ῃ
243 506 289 581 ι6
375 571 380 578 ,
435 496 637 578 Gosru.
684 494 844 575 Gauri.
884 496 1052 583 Ttu‘ar·
1123 537 1126 542 ·

237 706 306 781 que
331 699 410 778 apte
434 680 621 779 digerendo
644 701 715 753 non
752 682 834 757 levis
860 683 1010 756 accurrit
1040 678 1232 759 difficultas.

238 782 470 857 Fundamenti
493 804 607 855 tamen
630 783 730 869 loco,
764 781 995 876 supponenda
1023 784 1107 879 legas
1124 784 1235 857 Natu·

239 882 340 971 radas,
369 902 444 979 quae
466 884 523 954 vel
547 881 671 971 Deum,
698 880 757 953 vei
777 883 912 953 homines
928 882 1132 980 respiciunt,
1157 906 1237 980 quae

242 983 382 1068 omnia,
404 982 506 1076 juxta
526 980 640 1054 varios
657 981 837 1054 hominum
853 978 978 1069 status,
1004 1000 1165 1055 accurate
1183 1004 1237 1054 re·

241 1081 437 1174 prasentari
457 1077 610 1166 debent,
648 1078 691 1152 de
715 1089 785 1173 quo
804 1101 901 1152 nunc
925 1079 1104 1172 specialius
1132 1101 1237 1176 agere

242 1202 316 1251 non
340 1180 431 1253 libet.
493 1178 531 1250 iu
560 1178 666 1250 altero
698 1178 811 1273 capite
838 1181 1009 1273 generali,
1049 1177 1235 1272 Pracqffiu,

243 1278 302 1372 qui
331 1276 405 1351 stilo
423 1272 559 1349 *forensi
583 1274 726 1364 dicitur,
749 1275 850 1371 juxta
876 1277 966 1372 leges
988 1278 1175 1351 Naturales
1199 1275 1238 1351 dt

243 1376 417 1450 diversum
435 1372 617 1454 hominurn
637 1370 785 1463 statum,
810 1371 1021 1455 exhibendus
1037 1374 1098 1450 est.

294 1473 324 1568 5.
350 1484 409 1554 28.
435 1472 546 1544 Datur
561 1472 596 1543 in
612 1472 813 1569 cognitione
835 1470 1041 1575 jurisdivini
1060 1472 1237 1563 certitudo,

243 1569 279 1646 id
308 1569 378 1660 est,
413 1572 470 1643 vel
495 1570 621 1643 veritas
642 1568 947 1645 indemonstrabilis
977 1572 1240 1648 &immediata

245 1671 472 1765 perceptione
498 1669 726 1765 apprehensa,
761 1667 813 1742 vel
837 1670 1135 1759 demonstrabilis,
1162 1691 1240 1764 quae

248 1791 293 1843 ex
315 1789 411 1840 certo
435 1768 548 1862 aiiquo
571 1768 739 1866 principio
760 1765 892 1841 ostendi
913 1789 1026 1866 queat.
1077 1771 1241 1843 Occurrit

249 1886 365 1953 autem
391 1866 447 1939 illa
474 1864 647 1940 certitudo
671 1869 705 1941 in
727 1886 822 1963 parte
844 1868 1091 1960 praeiiminari.
1106 1869 1151 1943 de
1174 1892 1241 1962 qua

249 1963 281 2060 5.
300 1984 357 2051 25.
381 1985 417 2037 ut
431 1963 469 2038 dt
492 1964 693 2059 principaii,
718 1966 761 2038 de
774 1987 840 2058 qua
859 1962 889 2062 5.
908 1974 966 2039 26.
986 1987 1041 2058 27.
1059 1965 1171 2063 quoad
1184 1970 1241 2064 jau

249 2078 373 2135 natura
396 2061 582 2136 maximam
601 2086 753 2159 partem,
778 2063 869 2135 circa
880 2062 979 2160 fidia
997 2085 1137 2153 tamen,
1163 2086 1242 2157 quae

244 2162 303 2257 jus
319 2162 389 2234 hoc
403 2184 649 2257 nonnunquam
667 2161 922 2257 prasupponit,
937 2161 1026 2236 ut&
1038 2165 1120 2259 legas
1132 2159 1242 2257 pastri-

248 2282 328 2347 uas,
347 2259 370 2333 si
387 2284 461 2360 quae
477 2258 682 2351 afferuntur,
693 2259 905 2354 saepesaltem
920 2263 1123 2356 probabilitas
1136 2258 1241 2333 adest.

298 2359 330 2455 5.
356 2380 415 2449 29·
443 2360 603 2452 ¹Secundo
630 2360 746 2445 sensu,
774 2356 869 2454 (vid.
897 2356 929 2456 5.
957 2358 1038 2452 11.)
1071 2357 1244 2453 Jurispru·

246 2455 364 2531 dentia
386 2454 506 2530 divina
526 2458 576 2531 est
592 2460 859 2544 imitamentis,
885 2458 968 2553 leges
991 2460 1115 2529 diuinas
1138 2478 1244 2550 resque

247 2557 287 2626 iis
303 2577 454 2627 conruunt
477 2560 540 2626 rite
566 2556 776 2649 intilligeudi,
809 2578 876 2650 quo
897 2554 1048 2651 respetiu
1071 2554 1245 2628 Prudentia

249 2649 344 2725 reete
364 2651 499 2724 dicitur.
553 2655 656 2726 Meus
672 2656 823 2724 humana
847 2654 938 2748 leges
961 2655 1079 2726 nativa
1104 2652 1245 2750 quidem

248 2751 287 2821 vi
306 2748 482 2846 intelligit,
511 2748 565 2822 sed
583 2749 737 2837 habitus,
763 2753 795 2824 ei
814 2749 1089 2846 superinduitur,
1117 2748 1247 2841 efficit,

240 2865 287 2922 ut
309 2871 353 2921 eo
368 2852 536 2942 promtius
556 2845 594 2922 ἃ
621 2848 744 2922 certius
762 2849 834 2922 iilas
852 2849 1038 2945 intelligere
1060 2849 1186 2923 valeat.

303 2941 420 3039 530.
461 2945 554 3050 Quae
581 2948 627 3022 de
650 2950 769 3020 ratione
800 2948 980 3041 acquirendi
1015 2948 1170 3021 notitiam
1200 2950 1246 3021 le·

248 3044 560 3143 guindivinarum,
587 3048 630 3122 de
641 3045 781 3144 suhjedo
796 3047 889 3138 ejus,
916 3047 1132 3134 demanda,
1154 3049 1244 3142 prin-

246 3145 324 3239 cipia
341 3142 565 3240 darnanstraudi
589 3143 628 3219 da
644 3142 712 3239 fine
735 3144 884 3218 diximus
905 3143 936 3241 5
966 3163 1023 3233 14.
1042 3143 1123 3239 seqq.
1151 3167 1245 3240 usque

248 3243 292 3315 ad
314 3263 372 3336 24.
399 3243 455 3316 iiia
479 3241 586 3317 eriam
609 3245 651 3316 ad
670 3242 1002 3340 Jurisprudentiam,
1029 3240 1246 3316 habituaiiter

249 3359 452 3441 acceptam,
479 3341 654 3439 quadrant.
704 3341 760 3414 De
778 3361 905 3414 caetero
926 3340 1064 3414 habitus
1083 3362 1162 3414 cum
1182 3364 1246 3412 no·

247 3440 323 3514 titia
349 3441 463 3536 legum
488 3440 583 3513 simul
610 3440 815 3535 acquiritur,
840 3439 941 3514 semel
969 3459 1083 3513 autern
1104 3435 1249 3533 acquili-

249 3558 308 3613 tus
331 3542 492 3615 notitiam
516 3537 671 3614 amissam
696 3537 798 3632 facile
823 3529 988 3629 restituit,
1025 3533 1246 3632 autacquisr·

248 3653 323 3712 tam
350 3660 464 3734 auget.
684 3704 692 3712 .
810 3651 816 3663 '

298 3733 329 3829 5.
355 3756 413 3829 3¹·
440 3735 579 3813 Notitia
598 3738 635 3814 dt
661 3732 779 3808 habitu
798 3733 964 3831 acquiiito
982 3732 1078 3808 varie
1095 3731 1245 3824 urimur,
1277 3809 1280 3814 ,

250 3830 416 3922 dumea,
452 3835 493 3912 ad
514 3831 706 3932 dirigendas
730 3834 888 3908 atiiones
906 3830 1080 3924 proprias,
1106 3830 1248 3907 adhibe·

249 3952 355 4011 mus.
381 3935 437 4006 vel
463 3935 544 4008 aiios
570 3937 765 4016 docemus,
793 3933 850 4002 vel
875 3928 1013 4017 caudas,
1039 3929 1245 4012 evenientes

248 4026 404 4208 qqiiiis,
430 4031 644 4126 decidimus,
669 4029 727 4105 vel
752 4025 879 4124 scripto
899 4027 989 4124 leges
1012 4027 1247 4126 ‘comprehen-

287 4149 372 4202 mus.

1130 4224 1161 4325 i·
1177 4244 1246 4322 aa·
